@Article{keys,
  author =       {R[obert] G[] Keys},
  title =        {Cubic convolution interpolation for digital image processing
},
  journal =      {IEEE Transactions on Acoustics, Speech, and Signal Processing},
  year =         1981,
  volume =       {ASSP-29},
  pages =        {1153-1160}
}

@Book{rain,
  editor =	 {G[] Dubois and J[] Malczewski and M[] De~Cort},
  title = 	 {Mapping radioactivity in the environment. {Spatial} {Interpolation} {Comparison} 1997.},
  publisher = 	 {Office for Official Publications of the European Communities},
  year = 	 2003,
  address =	 {Luxembourg},
  month =	 {May}
}

@Article{dubois,
  author = 	 {G[] Dubois},
  title = 	 {Spatial interpolation comparison 97: {Foreword} and introduction},
  journal = 	 {Journal of Geographic Information and Decision Analysis},
  year = 	 1999,
  volume =	 2,
  pages =	 {1-10}
}

@Article{burg,
  author = 	 {S[] Fomel and P[] Sava and J[] Rickett and J[] F[] Claerbout},
  title = 	 {The {Wilson-Burg} method of spectral factorization with application to helical filtering},
  journal = 	 {Geophysical Prospecting},
  year = 	 2003,
  volume =	 51,
  pages =	 {409-420}
}
