@article{liberman2020human,
  title={{Human} {Language} {Technology}},
  author={Liberman, Mark and Wayne, Charles},
  journal={AI Magazine},
  volume={41},
  number={2},
  year={2020}
}

@article{donoho,
  title={50 years of data science},
  author={Donoho, David},
  journal={Journal of Computational and Graphical Statistics},
  volume={26},
  number={4},
  pages={745--766},
  year={2017},
  publisher={Taylor \& Francis}
}
