@article{oren2018overview,
  title={An overview of reproducible {3D} seismic data processing and imaging using {Madagascar}},
  author={Oren, Can and Nowack, Robert L},
  journal={Geophysics},
  volume={83},
  number={2},
  pages={F9--F20},
  year={2018},
  publisher={Society of Exploration Geophysicists}
}

@article{liu2013seismic,
  title={Seismic data analysis using local time-frequency decomposition},
  author={Liu, Yang and Fomel, Sergey},
  journal={Geophysical Prospecting},
  volume={61},
  number={3},
  pages={516--525},
  year={2013},
  publisher={European Association of Geoscientists \& Engineers}
}
