@Article{yangkang20142,
  author={Yangkang Chen and Sergey Fomel and Jingwei Hu},
  title ={Iterative deblending of simultaneous-source seismic data using seislet-domain shaping regularization},
  journal={Geophysics},
  year=2014,
  volume=79,
  issue=5,
  pages={V179-V189},
}

@Article{yangkang2016irr5d,
  author={Yangkang Chen and Dong Zhang and Zhaoyu Jin and Xiaohong Chen and Shaohuan Zu and Weilin Huang and Shuwei Gan},
  title = {Simultaneous denoising and reconstruction of 5{D} seismic data via damped rank-reduction method},
  journal={Geophysical Journal International},
  year=2016,
  volume=206,
  issue=3,
  pages={1695-1717},
}

@book{fourier1986,
  title={The Fourier transform and its applications},
  author={Bracewell, Ronald Newbold and Bracewell, Ronald N},
  volume={31999},
  year={1986},
  publisher={McGraw-Hill New York}
}


@article{optshrink2013,
  title={OptShrink: An Algorithm for Improved Low-Rank Signal Matrix Denoising by Optimal, Data-Driven Singular Value Shrinkage},
  author={Nadakuditi, Raj Rao},
  journal={IEEE Transactions on Information Theory},
  volume={60},
  number={5},
  pages={3002-3018},
  year={2013},
}

@article{Benaych2012The,
  title={The singular values and vectors of low rank perturbations of large rectangular random matrices},
  author={Benaych-Georges, Florent and Nadakuditi, Raj Rao},
  journal={Journal of Multivariate Analysis},
  volume={111},
  number={5},
  pages={120-135},
  year={2012},
}

@Article{yangkang2019sg,
  author={Yangkang Chen and Xiaohong Chen and Yufeng Wang and Shaohuan Zu},
  title = {The interpolation of sparse geophysical data},
  journal={Surveys in Geophysics},
  year=2019,
  volume=40,
  number=1,
  pages={73-105},
}

@Article{wujuan2018jge1,
  author={Juan Wu and Min Bai},
  title = {Fast principal component analysis for stacking seismic data},
  journal={Journal of Geophysics and Engineering},
  year=2018,
  volume=15,
  pages={295-306},
}

@Article{wujuan2018jge3,
  author={Juan Wu and Min Bai},
  title = {Adaptive rank-reduction method for seismic data reconstruction},
  journal={Journal of Geophysics and Engineering},
  year=2018,
  volume=15,
  pages={1688},
}

@Article{wujuan2018jse1,
  author={Juan Wu and Min Bai},
  title = {Stacking seismic data based on principal component analysis},
  journal={Journal of Seismic Exploration},
  year=2018,
  volume=27,
  pages={331-348},
}

@article{wujuan2019jse1,
  author =	 {Juan Wu and Min Bai},
  title =	 {Iterative deblending based on the modified singular spectrum analysis},
  year =	 2019,
  journal =	 {Journal of Seismic Exploration},
  volume =	 28,
  issue=1,
  number=1,
  pages =	 {1-20},
}




@article{chenwei2018,
  title={Automatic noise attenuation based on clustering and empirical wavelet transform},
  author={Chen, Wei and Song, Hui},
  journal={Journal of Applied Geophysics},
  volume={159},
  pages={649--665},
  year={2018},
  publisher={Elsevier}
}


@article{Chen2016,
author = {Chen, Yangkang},
year = {2014},
month = {01},
pages = {},
title = {Simultaneous denoising and reconstruction of 5-{D} seismic data via damped rank-reduction method},
booktitle = {Geophysical Journal International}
}



@article{Chopra2013,

author = { Satinder Chopra  and  Kurt J. Marfurt },

title = {Preconditioning seismic data with 5{D} interpolation for computing geometric attributes},

journal = {The Leading Edge},
volume = {32},
number = {12},

pages = {1456-1460},
year = {2013},
doi = {10.1190/tle32121456.1},


URL = { 
        https://doi.org/10.1190/tle32121456.1
    
},

eprint = { 
        https://doi.org/10.1190/tle32121456.1
    
}


}

@article{Downton2008,

author = {Jon Downton and Bashir Durrani and Lee Hunt and Scott Hadley and Mark Hadley},

title = {5{D} interpolation, PSTM and AVO inversion},

journal = {SEG Technical Program Expanded Abstracts},

chapter = {},
pages = {237-241},
year = {2008},
doi = {10.1190/1.3054796},

URL = {https://library.seg.org/doi/abs/10.1190/1.3054796},

eprint = {https://library.seg.org/doi/pdf/10.1190/1.3054796}

}

@article{Ely2015,
author = {Gregory Ely and Shuchin Aeron and Ning Hao and Misha E. Kilmer},
title = {5{D} seismic data completion and denoising using a novel class of tensor decompositions},
journal = {Geophysics},
volume = {80},
number = {4},
pages = {V83-V95},
year = {2015},
doi = {10.1190/geo2014-0467.1},

URL = { 
        https://doi.org/10.1190/geo2014-0467.1
    
},
eprint = { 
        https://doi.org/10.1190/geo2014-0467.1
    
}

}

@article{Jia2017,
author = {Yongna Jia and Jianwei Ma},
title = {What can machine learning do for seismic data processing? An interpolation application},
journal = {Geophysics},
volume = {82},
number = {3},
pages = {V163-V177},
year = {2017},
doi = {10.1190/geo2016-0300.1},

URL = { 
        https://doi.org/10.1190/geo2016-0300.1
    
},
eprint = { 
        https://doi.org/10.1190/geo2016-0300.1
    
}

}

@Article{jianwei20093,
  author={J[] Ma and F[]-X L[] Dimet},
  title={Deblurring from highly incomplete measurements for remote sensing},
  journal={IEEE Transactions on Geoscience and Remote Sensing},
  year=2009,
  Volume=47,
  issue=3,
  pages={792-802},
}


@article{Jia2018,
author = {Yongna Jia and Siwei Yu and Jianwei Ma},
title = {Intelligent interpolation by Monte Carlo machine learning},
journal = {Geophysics},
volume = {83},
number = {2},
pages = {V83-V97},
year = {2018},
doi = {10.1190/geo2017-0294.1},

URL = { 
        https://doi.org/10.1190/geo2017-0294.1
    
},
eprint = { 
        https://doi.org/10.1190/geo2017-0294.1
    
}

}











@article{Jin2010,
author = {Side Jin},
title = {5{D} seismic data regularization by a damped least-norm {F}ourier inversion},
journal = {Geophysics},
volume = {75},
number = {6},
pages = {WB103-WB111},
year = {2010},
doi = {10.1190/1.3505002},

URL = { 
        https://doi.org/10.1190/1.3505002
    
},
eprint = { 
        https://doi.org/10.1190/1.3505002
    
}

}
@incollection{aharchaou2017singular,
  title={Singular-spectrum analysis via optimal shrinkage of singular values},
  author={Aharchaou, Mehdi and Anderson, John and Hughes, Steve and Bingham, John},
  booktitle={SEG Technical Program Expanded Abstracts 2017},
  pages={4950--4954},
  year={2017},
  publisher={Society of Exploration Geophysicists}
}


@Article{jinkun2016,
  author={Jinkun Cheng and Mauricio Sacchi},
  title = {Fast dual-domain reduced-rank algorithm for 3{D} deblending via randomized QR decomposition},
  journal={Geophysics},
  year=2014,
  volume=81,
  issue=1,
  pages={V89-V101},
}

@article{lu2015fast,
  title={A fast SVD for multilevel block Hankel matrices with minimal memory storage},
  author={Lu, Ling and Xu, Wei and Qiao, Sanzheng},
  journal={Numerical Algorithms},
  volume={69},
  number={4},
  pages={875--891},
  year={2015},
  publisher={Springer}
}

@incollection{trickett2015preserving,
  title={Preserving signal: Automatic rank determination for noise suppression},
  author={Trickett, Stewart},
  booktitle={SEG Technical Program Expanded Abstracts 2015},
  pages={4703--4707},
  year={2015},
  publisher={Society of Exploration Geophysicists}
}

@article{gavish2014optimal,
  title={The optimal hard threshold for singular values is 4/sqrt(3) },
  author={Gavish, Matan and Donoho, David L},
  journal={IEEE Transactions on Information Theory},
  volume={60},
  number={8},
  pages={5040--5053},
  year={2014},
  publisher={IEEE}
}

@incollection{cheng2016fast,
  title={Fast and memory-efficient singular spectrum analysis for seismic data reconstruction and denoising},
  author={Cheng, Jinkun and Sacchi, Mauricio},
  booktitle={SEG Technical Program Expanded Abstracts 2016},
  pages={4064--4068},
  year={2016},
  publisher={Society of Exploration Geophysicists}
}











@article{Kreimer2013,
author = {Nadia Kreimer and Aaron Stanton and Mauricio D. Sacchi},
title = {Tensor completion based on nuclear norm minimization for 5{D} seismic data reconstruction},
journal = {Geophysics},
volume = {78},
number = {6},
pages = {V273-V284},
year = {2013},
doi = {10.1190/geo2013-0022.1},

URL = { 
        https://doi.org/10.1190/geo2013-0022.1
    
},
eprint = { 
        https://doi.org/10.1190/geo2013-0022.1
    
}

}











@article{Liubin2004,
author = {Bin Liu and Mauricio D. Sacchi},
title = {Minimum weighted norm interpolation of seismic records},
journal = {Geophysics},
volume = {69},
number = {6},
pages = {1560-1568},
year = {2004},
doi = {10.1190/1.1836829},

URL = { 
        https://doi.org/10.1190/1.1836829
    
},
eprint = { 
        https://doi.org/10.1190/1.1836829
    
}

}











@article{Trad2007,
author = {Daniel Trad},
title = {A strategy for wide azimuth land interpolation},
journal = {SEG Technical Program Expanded Abstracts},
chapter = {},
pages = {946-950},
year = {2007},
doi = {10.1190/1.2792562},
URL = {https://library.seg.org/doi/abs/10.1190/1.2792562},
eprint = {https://library.seg.org/doi/pdf/10.1190/1.2792562}
}









@article{Trad2009,
author = {Daniel Trad},
title = {Five-dimensional interpolation: Recovering from acquisition constraints},
journal = {Geophysics},
volume = {74},
number = {6},
pages = {V123-V132},
year = {2009},
doi = {10.1190/1.3245216},

URL = { 
        https://doi.org/10.1190/1.3245216
    
},
eprint = { 
        https://doi.org/10.1190/1.3245216
    
}

}











@article{Trickett2009,
author = {Stewart Trickett and Lynn Burroughs},
title = {Prestack rank reducing noise suppression: Theory},
journal = {SEG Technical Program Expanded Abstracts},
chapter = {},
pages = {3332-3336},
year = {2009},
}









@article{GaoJianjun2015,
author = {Jianjun Gao and Aaron Stanton and Mauricio D. Sacchi},
title = {Parallel matrix factorization algorithm and its application to 5{D} seismic reconstruction and denoising},
journal = {Geophysics},
volume = {80},
number = {6},
pages = {V173-V187},
year = {2015},
doi = {10.1190/geo2014-0594.1},

URL = { 
        https://doi.org/10.1190/geo2014-0594.1
    
},
eprint = { 
        https://doi.org/10.1190/geo2014-0594.1
    
}

}




@article{GaoJianjun2017, 
author={J. Gao and J. Cheng and M. D. Sacchi}, 
journal={IEEE Transactions on Geoscience and Remote Sensing}, 
title={Five-Dimensional Seismic Reconstruction Using Parallel Square Matrix Factorization}, 
year={2017}, 
volume={55}, 
number={4}, 
pages={2124-2135}, 
keywords={Earth structure;matrix decomposition;seismology;five-dimensional seismic reconstruction;parallel square matrix factorization;geophones;Earth interior;shallow structure;multidimensional seismic data reconstruction;tensor completion problem;efficient low-rank tensor completion algorithm;PSMF algorithm;seismic data processing coordinates;unbalanced long strip matrices;square matrices;Tensile stress;Image reconstruction;Strips;Petroleum;Cost function;Data processing;Minimization;Low rank;matrix factorization (MF);seismic data reconstruction;square matrix;tensor completion}, 
doi={10.1109/TGRS.2016.2636864}, 
ISSN={0196-2892}, 
month={April},}

@article{Xie2017,
author = {Xie, Yujiang and Gajewski, Dirk},
year = {2017},
month = {08},
pages = {897-919},
title = {5-{D} interpolation with wavefront attributes},
volume = {211},
journal = {Geophysical Journal International}
}








@article{YuSiwei2015,

author = {Siwei Yu and Jianwei Ma and Xiaoqun Zhang and Mauricio D. Sacchi},

title = {Interpolation and denoising of high-dimensional seismic data by learning a tight frame},

journal = {Geophysics},
volume = {80},
number = {5},
pages = {V119-V132},
year = {2015},

doi = {10.1190/geo2014-0396.1},

URL = { 
        https://doi.org/10.1190/geo2014-0396.1
    
},

eprint = { 
        https://doi.org/10.1190/geo2014-0396.1
    
}


}











@article{YuSiwei2016,

author = {Siwei Yu and Jianwei Ma and Stanley Osher},

title = {Monte Carlo data-driven tight frame for seismic data recovery},

journal = {Geophysics},
volume = {81},
number = {4},
pages = {V327-V340},

year = {2016},
doi = {10.1190/geo2015-0343.1},


URL = { 
        https://doi.org/10.1190/geo2015-0343.1
    
},

eprint = { 
        https://doi.org/10.1190/geo2015-0343.1
    
}


}




@Article{candes2009,
  author={E[] Cand\`{e}s and L[] Demanet and L[] Ying},
  title ={A fast butterfly algorithm for the computation of {F}ourier integral operators},
  journal={Multiscale Modeling and Simululation},
  year=2009,
  volume=7,
  pages={1727–1750},
}





% 
@Article{yangkang20141,
  author={Yangkang Chen and Jitao Ma},
  title ={Random noise attenuation by \emph{f-x} empirical mode decomposition predictive filtering},
  journal={Geophysics},
  year=2014,
  Volume=79,
  pages={V81-V91},
}

@Article{fomel2007shape,
  author={Sergey Fomel},
  title={Shaping regularization in geophysical-estimation problems},
  journal={Geophysics},
  year=2007,
  Volume=72,
  pages={R29-R36},
}

@article{wielandt1993propagation,
  title={Propagation and structural interpretation of non-plane waves},
  author={Wielandt, E},
  journal={Geophysical Journal International},
  volume={113},
  number={1},
  pages={45--53},
  year={1993},
  publisher={Blackwell Publishing Ltd Oxford, UK}
}

@Article{fomel2002pwd,
  author={Sergey Fomel},
  title={Application of plane-wave destruction filters},
  journal={Geophysics},
  year=2002,
  Volume=67,
  pages={1946-1960},
}

@Article{wencheng2015asa,
  author={W[] Yang and R[] Wang and Y[] Chen and J[] Wu and S[] Qu and J[] Yuan and S[] Gan},
  title = {Application of spectral decomposition using regularized non-stationary autoregression to random noise attenuation},
  journal={Journal of Geophysics and Engineering},
  year=2015,
  volume = 12,
  pages={175-187},
}

@Article{shuwei2015,
  author={S[] Gan and Y[] Chen and S[] Zu and S[] Qu and W[] Zhong},
  title = {Structure-oriented singular value decomposition for signal enhancement of seismic data},
  journal={Journal of Geophysics and Engineering},
  year=2015,
  volume=12,
  pages={262-272},
}
@Article{fomel2010painting,
  author = 	 {S[] Fomel},
  title = 	 {Predictive painting of 3-{D} seismic volumes},
  journal = 	 {Geophysics},
  year = 	 2010,
  volume =	 75,
  pages =	 {A25-A30},
}
@article{jones1987signal,
  title={SIGNAL-TO-NOISE RATIO ENHANCEMENT IN MULTICHANNEL SEISMIC DATA VIA THE KARHUNEN-LO{\'E}VE TRANSFORM},
  author={Jones, IF and Levy, S},
  journal={Geophysical prospecting},
  volume={35},
  number={1},
  pages={12--32},
  year={1987},
  publisher={Wiley Online Library}
}

@Article{yangkang2015enhemd,
  author={Yangkang Chen and Guoyin Zhang and Shuwei Gan and Chenglin Zhang},
  title = {Enhancing seismic reflections using empirical mode decomposition in the flattened domain},
  journal={Journal of Applied Geophysics},
  year=2015,
  volume=119,
  pages={99-105},
}

@Article{jianfeng2010,
  author={J[] Cai and E[] J[] Cand\`{e}s and Z[] Shen},
  title={A singular value thresholding algorithm for matrix completion},
  journal={SIAM Journal on Optimization},
  year=2010,
  Volume=20,
  issue=4,
  pages={1956-1982},
}

@Article{candes2009,
  author={E[] J[] Cand\`{e}s and B[] Recht},
  title={Exact matrix completion via convex optimization},
  journal={Foundations of Computational Mathematics},
  year=2009,
  Volume=9,
  issue=6,
  pages={717-772},
}

@Article{vrabie2004,
  author={V[] D[] Vrabie and J[] L[] Mars and T[] L[] Lacoume},
  title ={Modified SVD by means of ICA},
  journal={Signal Processing},
  year=2004,
  Volume=84,
  pages={645-652},
}

%
@Article{canales1984,
  author = {L[] Canales},
  title = {Random noise reduction},
  journal = {54th Annual International Meeting, SEG, Expanded Abstracts},
  year = 1984,
  pages ={525-527},
}

@Article{yanghua1999,
  author = 	 {Y[] Wang},
  title = 	 {Random noise attenuation using forward-backward linear prediction},
  journal = 	 {J. Seism. Explor.},
  year = 	 1999,
  volume =	 8,
  pages =	 {133-142},
}


@Article{wujuan2018jge3,
  author={Juan Wu and Min Bai},
  title = {Adaptive rank-reduction method for seismic data reconstruction},
  journal={Journal of Geophysics and Engineering},
  year=2018,
  volume=15,
  pages={1688},
}




@Article{abma2015,
  author = 	 {Ray Abma and D[] Howe and M[] Foster and I[] Ahmed and M[] Tanis and Q[] Zhang and A[] Arogunmati and G[] Alexander},
  title = 	 {Independent simultaneous source acquisition and processing},
  journal = 	 {Geophysics},
  year = 	 2015,
  volume = 	 80,
  number = 	 6,
  issue=6,
  pages = 	 {WD37-WD44}}
  
@Article{arazthesis,
  author = {Araz Mahdad},
  title ={Deblending of seismic data},
  journal={PhD thesis, Delft University of Technology},
  year=2012,
}


@Article{kopecky2010,
  author = 	 {M. Kopecky},
  title = 	 {Ensemble Empirical Mode Decomposition: {Image} Data Analysis with White-noise Reflection},
  journal = 	 {Acta Polytechnica},
  year = 	 2010,
  volume = 	 50,
  number = 	 1,
  pages = 	 {49-56}}

@Article{yangkang2015ortho,
  author={Yangkang Chen and Sergey Fomel},
  title = {Random noise attenuation using local signal-and-noise orthogonalization},
  journal={Geophysics},
  volume=80,
  year=2015,
  number=6,
  issue=6,
  pages={W{D}1-W{D}9},
}

@Article{yaru20172,
  author={Yaru Xue and Meixi Man and Shaohuan Zu and Fanglan Chang and Yangkang Chen},
  title = {Amplitude-preserving iterative deblending of simultaneous source seismic data using high-order Radon transform},
  journal={Journal of Applied Geophysics},
  year=2017,
  volume=139,
  pages={79-90},
}
@Article{yaru2016,
  author={Yaru Xue and Jing Yang and Jitao Ma and Yangkang Chen},
  title = {Amplitude-preserving nonlinear adaptive multiple attenuation using the high-order sparse Radon transform},
  journal={Journal of Geophysics and Engineering},
  year=2016,
  volume=13,
  pages={207-219},
}

@Article{foster1992,
  author={D[] J[] Foster and C[] C[] Mosher},
  title ={Suppression of multiple reflections using the Radon transform},
  journal={Geophysics},
  year=1992,
  volume=57,
  pages={386-395},
}


%journal
@Article{liuwei2016vmd,
  author={Wei Liu and Siyuan Cao and Yangkang Chen},
  title = {Applications of variational mode decomposition in seismic time-frequency analysis},
  journal={Geophysics},
  year=2016,
  volume=81,
  issue=5,
  pages={V365-V378},
}

@Article{kirchdepth2017jse,
  author={Vaclav Bucha},
  title = {Kirchhoff prestack depth migration in simple models with differently rotated elasticity tensor: Orthorhombic and triclinic anisotropy},
  journal={Journal of Seismic Exploration},
  year=2017,
  volume=26,
  number=1,
  issue=1,
  pages={1-24},
}

@Article{chenwei2017,
  author={Wei Chen and Jiang Yuan and Yangkang Chen and Shuwei Gan},
  title = {Preparing the initial model for iterative deblending by median filtering},
  journal={Journal of Seismic Exploration},
  year=2017,
  volume=26,
  number=1,
  issue=1,
  pages={25-47},
}

@Article{groll2017jse,
  author={S[] A[] Mortazavi and A[] Javaherian and M[] N[] Bidhendi and H[] R[] Amindavar},
  title = {Application of adaptive pyramidal dual-tree directional filter bank in ground roll attenuation},
  journal={Journal of Seismic Exploration},
  year=2017,
  volume=26,
  number=1,
  issue=1,
  pages={49-79},
}


@Article{fly2017jse,
  author={Gaoxiang Chen and L[] Y[] Fu and K[] Fu[] Chen and Weijia Sun and Wei Wei and Xizhu Guan},
  title = {Calculation of the seismic imaging complexity of complex geological structures},
  journal={Journal of Seismic Exploration},
  year=2017,
  volume=26,
  number=1,
  issue=1,
  pages={81-104},
}

@article{tian2017characteristics,
  title={CHARACTERISTICS OF HIGH-FREQUENCY ULTRA-ACOUSTIC WAVE SPECTRUM AND PORE SIZE IN LOW-PERMEABILITY SANDSTONE},
  author={Tian, Wenhao and Wang, Yixuan and Zhou, Tianqi and Xie, Congjiao and Guan, Zhenliang and Liu, Hongping and Xu, Ke},
  journal={Journal of Seismic Exploration},
  volume={26},
  number={5},
  pages={399--410},
  year={2017},
  publisher={GEOPHYSICAL PRESS 14 RUE DU PRADO, 34170 CASTELNAU-LE-LEZ, FRANCE}
}

@article{yatong2018inter,
  title={Seismic data restoration based on the Grassmannian rank-one update subspace estimation method},
  author={Zhou, Yatong and Han, Chunying},
  journal={Journal of Applied Geophysics},
  volume={159},
  pages={731--741},
  year={2018},
  publisher={Elsevier}
}


@article{huang2018damped,
  title={Damped dreamlet representation for exploration seismic data interpolation and denoising},
  author={Huang, Weilin and Wu, Ru-Shan and Wang, Runqiu},
  journal={IEEE Transactions on Geoscience and Remote Sensing},
  volume={56},
  number={6},
  issue=6,
  pages={3159--3172},
  year={2018},
  publisher={IEEE}
}

@Article{shaohuan2019dl,
  author={Shaohuan Zu and Hui Zhou and Rushan Ru and Maocai Jiang and Yangkang Chen},
  title = {Dictionary learning based on dip patch selection training for random noise attenuation},
  journal={Geophysics},
  year=2019,
  volume=84,
  number=3,
  issue=3,
  pages={V169-V183},
  doi={10.1190/GEO2018-0596.1},
}

@Article{shaohuan2017gji,
  author={S[] Zu and H[] Zhou and W[] Mao and D[] Zhang and C[] Li and X[] Pan and Y[] Chen},
  title = {Iterative deblending of simultaneous-source data using a coherency-pass shaping operator},
  journal={Geophysical Journal International},
  year=2017,
  volume=211,
  issue=1,
  number=1,
  pages={541-557},
}




@Article{yangkang2016fwi,
  author={Yangkang Chen and Hanming Chen and Kui Xiang and Xiaohong Chen},
  title = {Geological structure guided well log interpolation for high-fidelity full waveform inversion},
  journal={Geophysical Journal International},
  year=2016,
  volume=207,
  issue=2,
  pages={1313-1331},
}


@Article{qingchen2018gji,
  author={Q[] Zhang and Weijian Mao and Hui Zhou and H[] Zhang and Yangkang Chen},
  title = {Hybrid-domain simultaneous-source full waveform inversion without crosstalk noise},
  journal={Geophysical Journal International},
  year=2018,
  volume=215,
  number=3,
  issue=3,
  pages={1659-1681},
}

@Article{qingchen2018tgrs,
  author={Q[] Zhang and Weijian Mao and Yangkang Chen},
  title = {Attenuating crosstalk noise of simultaneous-source least-squares reverse time migration with GPU-based excitation-amplitude imaging condition},
  journal={IEEE Transaction on Geosciences and Remote Sensing},
  year=2019,
  volume=57,
  issue=1,
  number=1,
  pages={587-597},
}


@Article{yufeng2018geo,
  author={Y[] Wang and H[] Zhou and H[] Chen and Y[] Chen},
  title = {Adaptive stabilization for {Q}-compensated reverse time migration},
  journal={Geophysics},
  year=2018,
  volume=83,
  number=1,
  issue=1,
  pages={S15-S32},
}


@Article{qushan2017eage,
  author={Shan Qu and D[] Verschuur and Yangkang Chen},
  title={Full Waveform Inversion Using an Automatic Directional Total Variation Constraint},
  journal={78th Annual International Conference and Exhibition, EAGE, Extended Abstracts},
  year=2016,
  pages={DOI: 10.3997/2214-4609.201701340},
}


@article{lu2017coal,
  title={COAL WORKING FACE IMAGING BY SEISMIC INTERFEROMETRY-USING CONVEYER BELT NOISE AS SOURCE},
  author={Lu, Bin and Feng, Jiaxing},
  journal={Journal of Seismic Exploration},
  volume={26},
  number={5},
  pages={411--432},
  year={2017},
  publisher={GEOPHYSICAL PRESS 14 RUE DU PRADO, 34170 CASTELNAU-LE-LEZ, FRANCE}
}

@article{bai2017efficient,
  title={Efficient deblending using median filtering without correct normal moveout-with comparison on migrated images},
  author={Bai, Min and Wu, Juan},
  journal={Journal of Seismic Exploration},
  volume={26},
  pages={455--479},
  year={2017}
}

@article{kim2017efficient,
  title={AN EFFICIENT TIME-DOMAIN FULL WAVEFORM INVERSION USING THE EXCITATION AMPLITUDE METHOD},
  author={Kim, Ahreum and Ryu, Donghyun and Ha, Wansoo},
  journal={Journal of Seismic Exploration},
  volume={26},
  number={5},
  pages={481--498},
  year={2017},
  publisher={GEOPHYSICAL PRESS 14 RUE DU PRADO, 34170 CASTELNAU-LE-LEZ, FRANCE}
}




@Article{fomel2003,
  author={S[] Fomel},
  title={Seismic reflection data interpolation with differential offset and shot continuation},
  journal={Geophysics},
  year=2003,
  volume=68,
  pages={733-744},
}
@Article{canning1996,
  author={A[] Canning and G[] H[] F[] Gardner},
  title={Reducing 3{D} acquisition footprint for 3{D} DMO and 3{D} prestack migration},
  journal={Geophysics},
  year=1996,
  volume=63,
  pages={1177-1183},
}
@article{ronen,
  author =	 {J[] Ronen},
  title =	 {Wave-equation trace interpolation},
  journal = 	 {Geophysics},
  year = 	 1987,
  volume =	 52,
  number =7,
  pages =	 {973-984},
}

@Article{mostafa2010,
  author={M[] Naghizadeh and Mauricio D[] Sacchi},
  title={Beyond alias hierarchical scale curvelet interpolation of regularly and irregularly sampled seismic data},
  journal={Geophysics},
  year=2010,
  volume=75,
  pages={WB189–WB202},
}

@Article{mostafa2013,
  author={M[] Naghizadeh and Mauricio D[] Sacchi},
  title={Multidimensional de-aliased Cadzow reconstruction of seismic records},
  journal={Geophysics},
  year=2010,
  volume=78,
  number=1,
  issue=1,
  pages={A1-A5},
}

@Article{mostafa2007,
  author={M[] Naghizadeh and Mauricio D[] Sacchi},
  title={Multistep autoregressive reconstruction of seismic records},
  journal={Geophysics},
  year=2007,
  volume=72,
  pages={V111-V118},
}

@Article{mostafa2016geo,
  author={S[] Mostafa Mousavi and Charles A[] Langston and Stephen P[] Horton},
  title={Automatic microseismic denoising and onset detection using the synchrosqueezed continuous wavelet transform},
  journal={Geophysics},
  year=2016,
  volume=81,
  number=4,
  issue=4,
  pages={V341-V355},
}

@Article{mostafa2016bssa,
  author={S[] Mostafa Mousavi and Charles A[] Langston},
  title={Hybrid Seismic Denoising Using Higher-Order Statistics and Improved Wavelet Block Thresholding},
  journal={Bulletin of the Seismological Society of America},
  year=2016,
  volume=106,
  number=4,
  issue=4,
  pages={1380-1393},
}

@Article{mostafa2017geo,
  author={S[] Mostafa Mousavi and Charles A[] Langston},
  title={Automatic noise-removal/signal-removal based on general cross-validation thresholding in synchrosqueezed domain and its application on earthquake data},
  journal={Geophysics},
  year=2017,
  volume=82,
  number=4,
  issue=4,
  pages={V211-V227},
}

@Article{yangkang2017sgk,
  author={Yangkang Chen},
  title = {Fast dictionary learning for noise attenuation of multidimensional seismic data},
  journal={Geophysical Journal International},
  year=2017,
  volume=209,
  issue=1,
  pages={21-31},
}

@article{zhiguang2017fwi,
  title={Full-waveform inversion using seislet regularization},
  author={Xue, Zhiguang and Zhu, Hejun and Fomel, Sergey},
  journal={Geophysics},
  volume={82},
  number={5},
  pages={A43--A49},
  year={2017},
  number=5,
  issue=5,
  publisher={Society of Exploration Geophysicists}
}

@article{zhiguang2017accelerating,
  title={Accelerating full-waveform inversion with attenuation compensation},
  author={Xue, Zhiguang and Sun, Junzhe and Fomel, Sergey and Zhu, Tieyuan},
  journal={Geophysics},
  volume={83},
  number={1},
  pages={A13--A20},
  year={2017},
  number=1,
  issue=1,
  publisher={Society of Exploration Geophysicists}
}


@Article{jianwei2006,
  author={J[] Ma and A[] Antoniadis and F[] L[] Dimet},
  title={Curvelet-Based Snake for Multiscale Detection and Tracking of Geophysical Fluids},
  journal={IEEE Transactions on Geoscience and Remote Sensing},
  year=2006,
  Volume=44,
  issue=12,
  pages={3626-3638},
}


@article{jianwei2011application,
  title={Application of total-variation-based curvelet shrinkage for three-dimensional seismic data denoising},
  author={Tang, Gang and Ma, Jianwei},
  journal={IEEE Geoscience and Remote Sensing Letters},
  volume={8},
  number={1},
  pages={103--107},
  year={2011},
  publisher={IEEE}
}

@article{wang2018hankel,
  title={Hankel Low-Rank Approximation for Seismic Noise Attenuation},
  author={Wang, Chong and Zhu, Zhihui and Gu, Hanming and Wu, Xinming and Liu, Shuaiqi},
  journal={IEEE Transactions on Geoscience and Remote Sensing},
  number={99},
  pages={1--13},
  year={2018},
  publisher={IEEE}
}

@Article{weilin2017,
  author={Weilin Huang and Runqiu Wang and  Yimin Yuan and Shuwei Gan and Yangkang Chen},
  title = {Signal extraction using randomized-order multichannel singular spectrum analysis},
  journal={Geophysics},
  year=2017,
  volume=82,
  issue=2,
  pages={V59-V74},
}

@Article{yangkang2016irr3d,
  author={Yangkang Chen and Dong Zhang and Weilin Huang and Wei Chen},
  title = {An open-source Matlab code package for improved rank-reduction 3{D} seismic data denoising and reconstruction},
  journal={Computers \& Geosciences},
  year=2016,
  volume=95,
  pages={59-66},
}
@Article{berkhout2008,
  author = {A[] J[] Berkhout},
  title ={Changing the mindset in seismic data acquisition},
  journal={The Leading Edge},
  Volume=27,
  year=2008,
  pages={924-938},
}

@Article{fomel2010painting,
  author = 	 {S[] Fomel},
  title = 	 {Predictive painting of 3-{D} seismic volumes},
  journal = 	 {Geophysics},
  year = 	 2010,
  volume =	 75,
  pages =	 {A25-A30},
}

@Article{chiu2008,
  author = 	 {Stephen K[] Chiu and Jack E[] Howell},
  title = 	 {Attenuation of coherent noise using localized‐adaptive eigenimage filter},
  journal = 	 {SEG expanded abstracts: 78th Annual international meeting},
  year = 	 2008,
  pages =	 {2541-2545}
}

@article{yatong2017pocs,
  author =	 {Yatong Zhou},
  title =	 {A {POCS} method for iterative deblending constrained by a blending mask},
  year =	 2017,
  journal =	 {Journal of Applied Geophysics},
  volume =	 138,
  pages =	 {245-254},
}


@article{yatong2018seis,
  author =	 {Yatong Zhou and Chunying Han and Yue Chi},
  title =	 {Deblending of simultaneous-source data using iterative seislet frame thresholding based on a robust slope estimation},
  year =	 2018,
  journal =	 {Journal of Applied Geophysics},
  volume =	 138,
  pages =	 {17-37},
}

@article{yatong2017nuclear,
  author =	 {Yatong Zhou and Shili Zhang},
  title =	 {Robust noise attenuation based on nuclear norm minimization and a trace prediction strategy},
  year =	 2017,
  journal =	 {Journal of Applied Geophysics},
  volume =	 147,
  pages =	 {52-67},
}

@article{yatong2018dbi,
  author =	 {Yatong Zhou and Song Li},
  title =	 {Simultaneous deblending and interpolation using structure-oriented filters},
  year =	 2018,
  journal =	 {Journal of Applied Geophysics},
  volume =	 150,
  pages =	 {230-243},
}

@Article{shaohuan2016seg,
  author={Shaohuan Zu and Hui Zhou and Yangkang Chen and Xiao Pan and Shuwei Gan and Dong Zhang and Chunlin Xie},
  title ={Recovering the most from big gaps using least-squares inversion},
  journal={86th Annual International Meeting, SEG, Expanded Abstracts},
  year=2016,
  pages={4128-4133},
}

@Article{zhangdong2016seg,
  author={Dong Zhang and Yangkang Chen and Shuwei Gan},
  title ={Multidimensional seismic data reconstruction with multiple constraints},
  journal={86th Annual International Meeting, SEG, Expanded Abstracts},
  year=2016,
  pages={4801-4806},
}

@Article{yangkang2016fwieage,
  author={Kui Xiang and Xiaohong Chen and Yangkang Chen and Hanming Chen },
  title={Well log interpolation with geological structure constraint for full waveform inversion},
  journal={78th Annual International Conference and Exhibition, EAGE, Extended Abstracts},
  year=2016,
  pages={DOI:10.3997/2214-4609.201601548},
  }
  
  
  


@article{yatong2018jse,
  author =	 {Yatong Zhou and Weixue Han},
  title =	 {Multiples attenuation in the presence of blending noise},
  year =	 2018,
  journal =	 {Journal of Seismic Exploration},
  volume =	 27,
  issue=1,
  number=1,
  pages =	 {69-88},
}



@Article{yangkang2017lsrtm,
  author={Yangkang Chen and Hanming Chen and Kui Xiang and Xiaohong Chen},
  title = {Preserving the discontinuities in least-squares reverse time migration of simultaneous-source data},
  journal={Geophysics},
  year=2017,
  volume=82,
  issue=3,
  number=3,
  pages={S185-S196},
}

@Article{yangkang2016segdipssa,
  author={Yangkang Chen and Wei Chen and Shaohuan Zu and Weilin Huang and Dong Zhang},
  title={Adaptive rank selection for singular spectrum analysis via dip decomposition},
  journal={86th Annual International Meeting, SEG, Expanded Abstracts},
  year=2016,
  pages={4808-4813},
}


@Article{zhangdong2016cseg,
  author={Dong Zhang and Yangkang Chen and Weilin Huang and Shuwei Gan},
  title={Multi-step reconstruction of 3{D} seismic data via an improved {MSSA} algorithm},
  journal={CPS/SEG Beijing 2016 International Geophysical Conference \& Exposition, SEG, Expanded Abstracts},
  year=2016,
  pages={745-749},
}




@Article{fomel2002pwd,
  author={Sergey Fomel},
  title={Application of plane-wave destruction filters},
  journal={Geophysics},
  year=2002,
  Volume=67,
  pages={1946-1960},
}
@article{rioul1991wavelets,
  title={Wavelets and signal processing},
  author={Rioul, Olivier and Vetterli, Martin},
  journal={IEEE signal processing magazine},
  volume={8},
  number={4},
  pages={14--38},
  year={1991},
  publisher={IEEE}
}
@Article{amir2017sp,
  author={M[] A[] N[] Siahsar and V[] Abolghasemi  and Yangkang Chen},
  title = {Simultaneous denoising and interpolation of 2{D} seismic data using data-driven non-negative dictionary learning},
  journal={Signal Processing},
  year=2017,
  volume=141,
  pages={309-321},
}

@article{chen2002source,
  title={Source localization and beamforming},
  author={Chen, Joe C and Yao, Kung and Hudson, Ralph E},
  journal={IEEE Signal Processing Magazine},
  volume={19},
  number={2},
  pages={30--39},
  year={2002},
  publisher={IEEE}
}

@article{wang2016amplitude,
  title={An amplitude preserving S-transform for seismic data attenuation compensation},
  author={Wang, Benfeng},
  journal={IEEE Signal Processing Letters},
  volume={23},
  number={9},
  pages={1155--1159},
  year={2016},
  publisher={IEEE}
}

@article{benfengpocs,
  author =	 {Benfeng Wang and R[] Wu and X[] Chen and J[] Li},
  title =	 {Simultaneous seismic data interpolation and denoising with a new adaptive method based on dreamlet transform},
  journal = 	 {Geophysical Journal International},
  year = 	 2015,
  volume =	 201,
  pages =	 {1180-1192},
}

@article{kumar2002collaborative,
  title={Collaborative signal and information processing in microsensor networks},
  author={Kumar, Sri and Zhao, Feng and Shepherd, David},
  journal={IEEE Signal Processing Magazine},
  volume={19},
  number={2},
  pages={13--14},
  year={2002},
  publisher={IEEE}
}

@article{krim1996two,
  title={Two decades of array signal processing research: the parametric approach},
  author={Krim, Hamid and Viberg, Mats},
  journal={IEEE signal processing magazine},
  volume={13},
  number={4},
  pages={67--94},
  year={1996},
  publisher={IEEE}
}
@article{sacchi1998interpolation,
  title={Interpolation and extrapolation using a high-resolution discrete {F}ourier transform},
  author={Sacchi, Mauricio D and Ulrych, Tadeusz J and Walker, Colin J},
  journal={IEEE Transactions on Signal Processing},
  volume={46},
  number={1},
  pages={31--38},
  year={1998},
  publisher={IEEE}
}
@Article{mostafa2016geo,
  author={S[] Mostafa Mousavi and Charles A[] Langston and Stephen P[] Horton},
  title={Automatic microseismic denoising and onset detection using the synchrosqueezed continuous wavelet transform},
  journal={Geophysics},
  year=2016,
  volume=81,
  number=4,
  issue=4,
  pages={V341-V355},
}

@Article{mostafa2016jag,
  author={S[] Mostafa Mousavi and Charles A[] Langston},
  title={Adaptive noise estimation and suppression for improving microseismic event detection},
  journal={Journal of Applied Geophysics},
  year=2016,
  volume=132,
  pages={116-124},
}

@Article{mostafa2016bssa,
  author={S[] Mostafa Mousavi and Charles A[] Langston},
  title={Hybrid Seismic Denoising Using Higher-Order Statistics and Improved Wavelet Block Thresholding},
  journal={Bulletin of the Seismological Society of America},
  year=2016,
  volume=106,
  number=4,
  issue=4,
  pages={1380-1393},
}

@Article{mostafa2017geo,
  author={S[] Mostafa Mousavi and Charles A[] Langston},
  title={Automatic noise-removal/signal-removal based on general cross-validation thresholding in synchrosqueezed domain and its application on earthquake data},
  journal={Geophysics},
  year=2017,
  volume=82,
  number=4,
  issue=4,
  pages={V211-V227},
}


@Article{zhiguang2016,
  author={Zhiguang Xue and Yangkang Chen and Sergey Fomel and Junzhe Sun},
  title={Seismic imaging of incomplete data and simultaneous-source
data using least-squares reverse time migration with shaping regularization},
  journal={Geophysics},
  year=2016,
  volume=81,
  pages={S11-S20},
}

@Article{wujuan2018jge1,
  author={Juan Wu and Min Bai},
  title = {Fast principal component analysis for stacking seismic data},
  journal={Journal of Geophysics and Engineering},
  year=2018,
  volume=15,
  pages={295-306},
}


@Article{saleh2017,
  author={S[] Ebrahimi and A[] R[] Kahoo and Y[] Chen and M[] J[] Porsani},
  title = {A high-resolution weighted AB semblance for dealing with amplitude-variation-with-offset phenomenon},
  journal={Geophysics},
  year=2017,
  volume=82,
  issue=2,
  number=2,
  pages={V85-V93},
}

@Article{liuwei2016dealiase,
  author={Wei Liu and Siyuan Cao and Shuwei Gan and Yangkang Chen and Shaohuan Zu and Zhaoyu Jin},
  title = {One-Step Slope Estimation for Dealiased Seismic Data Reconstruction via Iterative Seislet Thresholding},
  journal={IEEE Geoscience and Remote Sensing Letters},
  year=2016,
  volume=13,
  issue=10,
  pages={1462-1466},
}




@Article{liuwei2016vmd,
  author={Wei Liu and Siyuan Cao and Yangkang Chen},
  title = {Applications of variational mode decomposition in seismic time-frequency analysis},
  journal={Geophysics},
  year=2016,
  volume=81,
  issue=5,
  pages={V365-V378},
}

@Article{liuwei20162,
  author={W[] Liu and S[] Cao and Y[] Chen and S[] Zu},
  title = {An effective approach to attenuate random noise based on compressive sensing and curvelet transform},
  journal={Journal of Geophysics and Engineering},
  year=2016,
  volume=13,
  issue=2,
  pages={135-145},
}

@article{liuwei2016sswt,
  author =	 {Wei Liu and Siyuan Cao and Yang Liu and Yangkang Chen},
  title =	 {Synchrosqueezing Transform and its applications in seismic data analysis},
  year =	 2016,
  journal =	 {Journal of Seismic Exploration},
  volume={25},
 pages=27-44,
}

@Article{liuwei2016,
  author={W. Liu and S. Cao and Y. Chen},
  title = {Seismic Time-frequency Analysis via Empirical Wavelet Transform
},
  journal={IEEE Geoscience and Remote Sensing Letters},
  year=2016,
  volume=13,
  pages={28-32},
}


%conference
@Article{liuwei2016eage,
  author={Wei Liu and Siyuan Cao and Y[] Chen},
  title = {Application of variational mode decomposition in random noise attenuation and time-frequency analysis of seismic data},
  journal={78th Annual International Conference and Exhibition, EAGE, Extended Abstracts},
  year=2016,
  pages ={DOI: 10.3997/2214-4609.201601249}
}

%self
@Article{liuwei2015,
  author = 	 {W[] Liu and S[] Cao and Y[] He},
  title = 	 {Ground roll attenuation using variational mode decomposition},
  journal = 	 { 77th Annual International Conference and Exhibition, EAGE, Extended Abstracts},
  year = 	 2015}
  
@Article{liuwei2015,
  author = 	 {W[] Liu and S[] Cao and G[] Li and Y[] He},
  title = 	 {Reconstruction of seismic data with missing traces based on local random sampling and curvelet transform},
  journal = 	 {Journal of Applied Geophysics},
  year = 	 2015,
  volume = 115,
  pages =	 {129-139},
}

@Article{chenwei2016,
  author={Wei Chen and Yangkang Chen and Wei Liu},
  title = {Ground roll attenuation using improved complete ensemble empirical mode decomposition},
  journal={Journal of Seismic Exploration},
  year=2016,
  volume=25,
  pages={485-495},
}

@Article{guochang2009,
author={G[] Liu and S[] Fomel and L[] Jin and X[] Chen},
title={Stacking seismic data using local correlation},
journal={Geophysics},
volume=74,
year=2009,
issue=3,
number=3,
pages={V43-V48}
}
@Article{wencheng2015stack,
  author={Wencheng Yang and Runqiu Wang and Jian Wu and Yangkang Chen and Shuwei Gan and Wei Zhong},
  title = {An efficient and effective common reflection surface stacking approach using local similarity and plane-wave flattening},
  journal={Journal of Applied Geophysics},
  year=2015,
  volume=117,
  pages={67-72},
}

@Article{guoning2017,
  author={Guoning Wu and Sergey Fomel and Yangkang Chen},
  title = {Data-driven time-frequency analysis of seismic data using non-stationary Prony method},
  journal={Geophysical Prospecting},
  year=2017,
  pages={10.1111/1365-2478.12530},
}

@Article{chenwei2017,
  author={Wei Chen and Jiang Yuan and Yangkang Chen and Shuwei Gan},
  title = {Preparing the initial model for iterative deblending by median filtering},
  journal={Journal of Seismic Exploration},
  year=2017,
  volume=26,
  number=1,
  issue=1,
  pages={25-47},
}

@Article{yangkang2016dsd,
  author={Yangkang Chen and Jianwei Ma and Sergey Fomel},
  title ={Double-sparsity dictionary for seismic noise attenuation},
  journal={Geophysics},
  year=2016,
  volume=81,
  number=2,
  pages={V17-V30},
}
@Article{curveletieee2016,
  author={Tong Qiao and J[] Ren and Z[] Wang and J[] Zabalza and M[] Sun and H[] Zhao and S[] Li and J[] A[] Benediktsson and Q[] Dai},
  title={Effective Denoising and Classification of Hyperspectral Images Using Curvelet Transform and Singular Spectrum Analysis},
  journal={IEEE Transactions on Geoscience and Remote Sensing},
  year=2016,
  Volume=99,
  pages={10.1109/TGRS.2016.2598065},
}
@Article{liuyang2015,
  author={Cai Liu and Changle Chen and Dian Wang and Yang Liu and Shiyu Wang and Liang Zhang},
  title = {Seismic dip estimation based on the two-dimensional Hilbert transform and its application in random noise attenuation},
  journal={Applied Geophysics},
  year=2015,
  volume=12,
  pages={55-63},
}
@Article{jones1987,
  author = {I[] F[] Jones and S[] Levy},
  title ={Signal-to-noise ratio enhancement in multichannel seismic data via the Karhunen-Loeve transform},
  journal={Geophysical Prospecting},
  year=1987,
  volume=35,
  pages={12-32},
}

@article{gao2017five,
  title={Five-Dimensional Seismic Reconstruction Using Parallel Square Matrix Factorization},
  author={Gao, Jianjun and Cheng, Jinkun and Sacchi, Mauricio D},
  journal={IEEE Transactions on Geoscience and Remote Sensing},
  volume={55},
  number={4},
  pages={2124--2135},
  year={2017},
  publisher={IEEE}
}

@Article{canales1984,
  author = 	 {L[] Canales},
  title = 	 {Random noise reduction},
  journal = 	 {54th Annual International Meeting, SEG, Expanded Abstracts},
  year = 	 1984,
  pages =	 {525-527}
}
@Article{baimin2018cg,
  author={Min Bai and Juan Wu and Shaohuan Zu and Wei Chen},
  title = {A structural rank reduction operator for removing artifacts in least-squares reverse time migration},
  journal={Computers and Geosciences},
  year=2018,
  volume=117,
  pages={9-20},
}

@Article{sanyi2018,
  author={Sanyi Yuan and Shangxu Wang and Chunmei Luo and Tieyi Wang},
  title = {Inversion-Based 3-D Seismic Denoising for Exploring Spatial Edges and Spatio-Temporal Signal Redundancy},
  journal={IEEE Geoscience and Remote Sensing Letters},
  volume={11},
  year=2018,
  pages={10.1109/LGRS.2018.2854929},
}



@article{vautard1992singular,
  title={Singular-spectrum analysis: A toolkit for short, noisy chaotic signals},
  author={Vautard, Robert and Yiou, Pascal and Ghil, Michael},
  journal={Physica D: Nonlinear Phenomena},
  volume={58},
  number={1},
  pages={95--126},
  year={1992},
  publisher={Elsevier}
}

@Article{strfilter2003,
author={G[] C[] Fehmers and C[] F[] W[] Hocker},
title={Fast structural interpretation with structure-oriented filtering},
journal={Geophysics},
volume=68,
issue=4,
number=4,
year=2003,
pages={1286-1293},
}
@Article{sacchi1997,
  author={M[] D[] Sacchi},
  title ={Re-weighting strategies in seismic devonvolution},
  journal={Geophysical Journal International},
  volume=129,
  year=1997,
  pages={651-656},
}
@article{herrmann2008non,
  title={Non-parametric seismic data recovery with curvelet frames},
  author={Herrmann, Felix J and Hennenfent, Gilles},
  journal={Geophysical Journal International},
  volume={173},
  number={1},
  pages={233--248},
  year={2008},
  publisher={Blackwell Publishing Ltd Oxford, UK}
}

@Article{yangkang2018gji,
  author={Y[] Chen},
  title = {Automatic microseismic event picking via unsupervised machine learning},
  journal={Geophysical Journal International},
  year=2018,
  volume=212,
  issue=1,
  pages={88–102},
}

@Article{zhaoqiang2018,
  author={Qiang Zhao and Qizhen Du and Xufei Gong and Yangkang Chen},
  title = {Signal-preserving erratic noise attenuation via iterative robust sparsity-promoting filter},
  journal={IEEE Transactions on Geoscience and Remote Sensing},
  year=2018,
  volume=56,
  number=6,
  issue=6,
  pages={1558-0644},
}
@Article{yangkang2017ieee,
  author={Yangkang Chen and Yatong Zhou and Wei Chen and Shaohuan Zu and Weilin Huang and Dong Zhang},
  title = {Empirical low rank decomposition for seismic noise attenuation},
  journal={IEEE Transactions on Geoscience and Remote Sensing},
  year=2017,
  volume=55,
  number=8,
  issue=8,
  pages={4696-4711},
}
@Article{epsceemd,
  author={M[] A[] Colominas and G[] Schlotthauer and M[] E[] Torres and P[] Flandrin},
  title={Noise-assisted {EMD} methods in action},
  journal={Adv. Adapt. Data Anal.},
  year=2012,
  Volume=4,
  pages={1250025},
}

@Article{eemd,
  author={Z[] Wu and N[] E[] Huang},
  title={ Ensemble empirical mode decomposition: A noise-assisted data analysis method},
  journal={Advances in Adaptive Data Analysis},
  year=2009,
  volume=1,
  issue=1,
  pages={1-41},
}


@article{yanhui2016,
  author =	 {Y[] Zhou and J[] Gao and W[] Chen and P[] Frossard},
  title =	 {Seismic Simultaneous Source Separation via Patchwise Sparse Representation},
  year =	 2016,
  journal =	 {IEEE Transactions on Geoscience and Remote Sensing},
  volume =	 54,
  issue=9,
  pages =	 {5271-5284},
}

@article{lorenzi2016,
  author =	 {L[] Lorenzi and F[] Melgani and G[] Mercier},
  title =	 {Missing-area reconstruction in multispectral images under a compressive sensing perspective},
  year =	 2016,
  journal =	 {IEEE Transactions on Geoscience and Remote Sensing},
  volume =	 51,
  issue=7,
  pages =	 {3998-4008},
}

@article{idier2016,
  author =	 {J[] Idier and Y[] Goussard},
  title =	 {Multichannel seismic deconvolution},
  year =	 2016,
  journal =	 {IEEE Transactions on Geoscience and Remote Sensing},
  volume =	 31,
  issue=5,
  pages =	 {961-979},
}

@article{kazemi2016,
  author =	 {N[] Kazemi and E[] Bongajum and M[] D[] Sacchi},
  title =	 {Surface-consistent sparse multichannel blind deconvolution of seismic signals},
  year =	 2016,
  journal =	 {IEEE Transactions on Geoscience and Remote Sensing},
  volume =	 54,
  issue=6,
  pages =	 {3200-3207},
}

@article{hui2004,
  AUTHOR =       {Hui Zhou and M[] Sato},
  TITLE =        {Subsurface cavity imaging by crosshole borehole radar measurements},
  JOURNAL =      {IEEE Transactions on Geoscience and Remote sensing},
  YEAR =         {2004},
  volume=42,
  pages = {335-341},
}



@article{hui2005,
  AUTHOR =       {Hui Zhou and M[] Sato},
  TITLE =        {Migration velocity analysis and prestack migration of common-transmitter GPR data},
  JOURNAL =      {IEEE Transactions on Geoscience and Remote sensing},
  YEAR =         {2005},
  volume=43,
  pages = {86-91},
}

@article{hui2007,
  AUTHOR =       {Hui Zhou and M[] Sato and T[] Takenaka and G[] Li},
  TITLE =        {Reconstruction from antenna-transformed radar data using a time-domain reconstruction method},
  JOURNAL =      {IEEE Transactions on Geoscience and Remote sensing},
  YEAR =         {2007},
  volume=45,
  pages = {689-696},
}

@article{block3d2017,
  title={Seismic random noise attenuation via 3{D} block matching},
  author={S[] Amani and A[] Gholami and Alireza J[] Niestanak},
  journal={Journal of Applied Geophysics},
  volume={136},
  pages={353-363},
  year={2017},
  publisher={Elsevier}
}


@Article{mssa,
  author={Vicente Oropeza and Mauricio Sacchi},
  title={Simultaneous seismic data denoising and reconstruction via multichannel singular spectrum analysis},
  journal = 	 {Geophysics},
  year = 	 2011,
  volume =	 76,
    issue=3,
  pages =	 {V25-V32},
}

@Article{yangkang2019gji5d,
  author={Yangkang Chen and Min Bai and Zhe Guan and Qingchen Zhang and Mi Zhang and Hang Wang},
  title = {Five-dimensional seismic data reconstruction using the optimally damped rank-reduction method},
  journal={Geophysical Journal International},
  year=2019,
  volume=218,
  issue=1,
  number=1,
  pages={224-246},
  doi={10.1093/gji/ggz130},
}


@Article{yangkang2020odrr,
  author={Yangkang Chen and Min Bai and Zhe Guan and Qingchen Zhang and Mi Zhang and Hang Wang},
  title = {Five-dimensional seismic data reconstruction using the optimally damped rank-reduction method},
  journal={Geophysical Journal International},
  year=2020,
  volume=222,
  issue=1,
  number=1,
  pages={1824-1845},
  doi={10.1093/gji/ggaa190},
}

@Article{curveletieee2016,
  author={Tong Qiao and J[] Ren and Z[] Wang and J[] Zabalza and M[] Sun and H[] Zhao and S[] Li and J[] A[] Benediktsson and Q[] Dai},
  title={Effective Denoising and Classification of Hyperspectral Images Using Curvelet Transform and Singular Spectrum Analysis},
  journal={IEEE Transactions on Geoscience and Remote Sensing},
  year=2016,
  Volume=99,
  pages={10.1109/TGRS.2016.2598065},
}

@Article{mostafa2013,
  author={M[] Naghizadeh and Mauricio D[] Sacchi},
  title={Multidimensional de-aliased {C}adzow reconstruction of seismic records},
  journal={Geophysics},
  year=2010,
  volume=78,
  number=1,
  issue=1,
  pages={A1-A5},
}



@Article{mostafa2012,
  author={M[] Naghizadeh and Mauricio D[] Sacchi},
  title={Multicomponent seismic random noise attenuation via vector autoregressive operators},
  journal={Geophysics},
  year=2012,
  volume=78,
  number=2,
  issue=2,
  pages={V91–V99},
}

@Article{mostafa2011,
  author={M[] Naghizadeh and Mauricio D[] Sacchi},
  title={Seismic data interpolation and denoising in the frequency-wavenumber domain},
  journal={Geophysics},
  year=2011,
  volume=77,
  number=2,
  issue=2,
  pages={V71–V80},
}



@Article{weilin2016,
  author={Weilin Huang and Runqiu Wang and  Yangkang Chen and Huijian Li and Shuwei Gan},
  title = {Damped Multichannel Singular Spectrum Analysis for 3{D} Random Noise Attenuation },
  journal={Geophysics},
  year=2016,
  volume=81,
  issue=4,
  number=4,
  pages={V261-V270},
}

@Article{cadzow1988,
  author={J[] A[] Cadzow},
  title ={Signal enhancement - a composite property mapping algorithm},
  journal={IEEE Transactions on Acoustics, Speech, and Signal Processing},
  year=1988,
  Volume=1,
  pages={49-62},
}



@Article{yangkang2018gji2,
  author={Yangkang Chen},
  title = {Non-stationary least-squares complex decomposition for microseismic noise attenuation},
  journal={Geophysical Journal International},
  year=2018,
  volume=213,
  issue=3,
  pages={1572-1585},
}

@Article{huangemd,
  author = 	 {Norden E. Huang and Zheng Shen and Steven R. Long and Manli C. Wu and Hsing H. Shih and Quanan Zheng and Nai-Chyuan Yen and Chi Chao Tung and Henry H. Liu},
  title = 	 {The empirical mode decomposition and the {Hilbert} spectrum for nonlinear and non-stationary time series analysis},
  journal = 	 {Proceeding of the Royal Society of London Series A},
  year = 	 1998,
  volume = 	 454,
  pages = 	 {903-995}}
  
@article{huang2016,
  author =	 {Z[] Huang and J[] Zhang and T[] Zhao and Y[] Sun},
  title =	 {Synchrosqueezing {S}-transform and its application in seismic spectral decomposition},
  year =	 2016,
  journal =	 {IEEE Transactions on Geoscience and Remote Sensing},
  volume =	 54,
  issue=2,
  pages =	 {817-825},
}

@article{gao2016,
  author =	 {Z[] Gao and Z[] Pan and J[] Gao},
  title =	 {Multimutation differential evolution algorithm and its application to seismic inversion},
  year =	 2016,
  journal =	 {IEEE Transactions on Geoscience and Remote Sensing},
  volume =	 54,
  issue=6,
  pages =	 {3626-3636},
}






@Article{wujuan2018jge2,
  author={Juan Wu and Min Bai},
  title = {Attenuating seismic noise via incoherent dictionary learning},
  journal={Journal of Geophysics and Engineering},
  year=2018,
  volume=15,
  pages={1327},
}

@Article{wujuan2018jge,
  author={Juan Wu and Min Bai},
  title = {Adaptive rank-reduction method for seismic data reconstruction},
  journal={Journal of Geophysics and Engineering},
  year=2018,
  volume=15,
  pages={1688},
}




@Article{wujuan2018cg1,
  author={Juan Wu and Min Bai},
  title = {Incoherent dictionary learning for reducing crosstalk noise in least-squares reverse time migration},
  journal={Computers and Geosciences},
  year=2018,
  volume=114,
  pages={11-21},
}

@Article{baimin2018cg,
  author={Min Bai and Juan Wu and Shaohuan Zu and Wei Chen},
  title = {A structural rank reduction operator for removing artifacts in least-squares reverse time migration},
  journal={Computers and Geosciences},
  year=2018,
  volume=117,
  pages={9-20},
}

@Article{baimin2017jse1,
  author={Min Bai and Juan Wu},
  title = {Efficient deblending using median filtering without correct normal moveout - with comparison on migrated images},
  journal={Journal of Seismic Exploration},
  year=2017,
  volume=26,
  pages={455-479},
}

@Article{baimin2018cg,
  author={Min Bai and Juan Wu and Shaohuan Zu and Wei Chen},
  title = {A structural rank reduction operator for removing artifacts in least-squares reverse time migration},
  journal={Computers and Geosciences},
  year=2018,
  volume=117,
  pages={9-20},
}

@article{baimin2018jse1,
  author =	 {Min Bai and Juan Wu and Jianyong Xie and Dong Zhang},
  title =	 {Least-squares reverse time migration of blended data with low-rank constraint along structural direction},
  year =	 2018,
  journal =	 {Journal of Seismic Exploration},
  volume =	 27,
  issue=1,
  number=1,
  pages =	 {29-48},
}

@article{baimin2018jse2,
  author =	 {Min Bai and Juan Wu},
  title =	 {Seismic Deconvolution Using Iteartive Transform-domain Sparse Inversion},
  year =	 2018,
  journal =	 {Journal of Seismic Exploration},
  volume =	 27,
  issue=2,
  number=2,
  pages =	 {103-116},
}

@article{baimin2019jse1,
  author =	 {Min Bai and Juan Wu},
  title =	 {Iterative sparse deconvolution using seislet-domain constraint},
  year =	 2019,
  journal =	 {Journal of Seismic Exploration},
  volume =	 28,
  issue=1,
  number=1,
  pages =	 {73-88},
}

@Article{baimin2019jag,
  author={Min Bai and Juan Wu and Hua Zhang},
  title = {Iterative deblending of simultaneous-source data using smoothed singular spectrum analysis},
  journal={Journal of Applied Geophysics},
  year=2019,
  volume=161,
  pages={261-269},
}






@Article{liuwei2018tgrs,
  author={Wei Liu and Siyuan Cao and Zhaoyu Jin and Zhiming Wang and Yangkang Chen},
  title = {A novel hydrocarbon detection approach via high-resolution frequency-dependent AVO inversion based on variational mode decomposition},
  journal={IEEE Transactions on Geoscience and Remote Sensing},
  year=2018,
  volume=56,
  issue=4,
  number=4,
  pages={2007-2024},
}


@Article{weilin2017ieee,
  author={Weilin Huang and Runqiu Wang and Xiaohong Chen and Yangkang Chen},
  title = {Double least squares projections method for signal estimation},
  journal={IEEE Transactions on Geoscience and Remote Sensing},
  year=2017,
  volume=55,
  number=7,
  issue=7,
  pages={4111-4129},
}


@article{amir2017ieee,
  title={Seismic Random Noise Attenuation Using Synchrosqueezed Wavelet Transform and Low-Rank Signal Matrix Approximation},
  author={Anvari, Rasoul and Siahsar, Mohammad Amir Nazari and Gholtashi, Saman and Kahoo, Amin Roshandel and Mohammadi, Mokhtar},
  journal={IEEE Transactions on Geoscience and Remote Sensing},
  year={2017},
  volume=55,
  issue=11,
  number=11,
  publisher={IEEE},
  pages={6574-6581}
}



@article{iatsenko2015linear,
  title={Linear and synchrosqueezed time--frequency representations revisited: Overview, standards of use, resolution, reconstruction, concentration, and algorithms},
  author={Iatsenko, Dmytro and McClintock, Peter VE and Stefanovska, Aneta},
  journal={Digital Signal Processing},
  volume={42},
  pages={1--26},
  year={2015},
  publisher={Elsevier}
}
@Article{daubechies2011,
  author = 	 {Ingrid Daubechies and Jianfeng Lu and Hau-Tieng Wu},
  title = 	 {Synchrosqueezed wavelet transforms: An empirical mode decomposition-like tool},
  journal = 	 {Applied and Computational Harmonic Analysis},
  year = 	 2011,
  volume = 	 30,
  pages = 	 {243-261}
}


@article{yanan2014,
  author =	 {Y[] Tian and Yue Li and Baojun Yang},
  title =	 {Variable-Eccentricity Hyperbolic-Trace {TFPF} for Seismic Random Noise Attenuation},
  year =	 2014,
  journal =	 {IEEE Transactions on Geoscience and Remote Sensing},
  volume =	 52,
  pages =	 {6449-6458},
}
@Article{shuwei2016vscan,
  author={S[] Gan and Shoudong Wang and Yangkang Chen and Shan Qu and Shaohuan Zu},
  title = {Velocity analysis of simultaneous-source data using high-resolution semblance-coping with the strong noise},
  journal={Geophysical Journal International},
  year=2016,
  volume=204,
  pages={768-779},
}

@article{essebbar1996bayesian,
  title={Bayesian parametric separation applied to multicomponent seismic data},
  author={Essebbar, Abderrahman},
  journal={IEEE Signal Processing Letters},
  volume={3},
  number={7},
  pages={218--220},
  year={1996},
  publisher={IEEE}
}

@Article{amir2017geo,
  author={M[] A[] N[] Siahsar and S[] Gholtashi and A[] R[] Kahoo and W[] Chen and Y[] Chen},
  title = {Data-driven multi-task sparse dictionary learning for noise attenuation of 3{D} seismic data},
  journal={Geophysics},
  year=2017,
  volume=82,
  number=6,
  issue=6,
  pages={V385–V396},
}


@Article{amir2017,
  author={M[] A[] N[] Siahsar and V[] Abolghasemi  and Yangkang Chen},
  title = {Simultaneous denoising and interpolation of 2{D} seismic data using data-driven non-negative dictionary learning},
  journal={Signal Processing},
  year=2017,
  volume=141,
  pages={309-321},
}

@article{xue2017full,
  title={Full waveform inversion using seislet regularization},
  author={Xue, Zhiguang and Zhu, Hejun and Fomel, Sergey},
  journal={Geophysics},
  volume={82},
  number={5},
  pages={1--40},
  year={2017},
  publisher={Society of Exploration Geophysicists}
}
@article{mousa2012seismic,
  title={Seismic migration: A digital filtering process reducing oil exploration risks [applications corner]},
  author={Mousa, Wail A},
  journal={IEEE signal processing magazine},
  volume={29},
  number={3},
  pages={117--123},
  year={2012},
  publisher={IEEE}
}

@article{ram2010multichannel,
  title={Multichannel deconvolution of seismic signals using statistical MCMC methods},
  author={Ram, Idan and Cohen, Israel and Raz, Shalom},
  journal={IEEE Transactions on signal processing},
  volume={58},
  number={5},
  pages={2757--2770},
  year={2010},
  publisher={IEEE}
}

@article{gholami2013,
  author =	 {Ali Gholami},
  title =	 {Sparse Time–Frequency Decomposition and Some Applications},
  year =	 2013,
  journal =	 {IEEE Transactions on Geoscience and Remote Sensing},
  volume =	 51,
  pages =	 {3598-3604},
}


@article{yanhui2016,
  author =	 {Y[] Zhou and J[] Gao and W[] Chen and P[] Frossard},
  title =	 {Seismic Simultaneous Source Separation via Patchwise Sparse Representation},
  year =	 2016,
  journal =	 {IEEE Transactions on Geoscience and Remote Sensing},
  volume =	 54,
  issue=9,
  pages =	 {5271-5284},
}

@article{lorenzi2016,
  author =	 {L[] Lorenzi and F[] Melgani and G[] Mercier},
  title =	 {Missing-area reconstruction in multispectral images under a compressive sensing perspective},
  year =	 2016,
  journal =	 {IEEE Transactions on Geoscience and Remote Sensing},
  volume =	 51,
  issue=7,
  pages =	 {3998-4008},
}

@Article{trickett2008,
  author={S[] Trickett},
  title ={{F}-xy {C}adzow noise suppression},
  journal={CSPG CSEG CWLS Convention},
  year=2008,
  pages={303-306},
}

@article{idier2016,
  author =	 {J[] Idier and Y[] Goussard},
  title =	 {Multichannel seismic deconvolution},
  year =	 2016,
  journal =	 {IEEE Transactions on Geoscience and Remote Sensing},
  volume =	 31,
  issue=5,
  pages =	 {961-979},
}

@article{kazemi2016,
  author =	 {N[] Kazemi and E[] Bongajum and M[] D[] Sacchi},
  title =	 {Surface-consistent sparse multichannel blind deconvolution of seismic signals},
  year =	 2016,
  journal =	 {IEEE Transactions on Geoscience and Remote Sensing},
  volume =	 54,
  issue=6,
  pages =	 {3200-3207},
}

@article{huang2016,
  author =	 {Z[] Huang and J[] Zhang and T[] Zhao and Y[] Sun},
  title =	 {Synchrosqueezing {S}-transform and its application in seismic spectral decomposition},
  year =	 2016,
  journal =	 {IEEE Transactions on Geoscience and Remote Sensing},
  volume =	 54,
  issue=2,
  pages =	 {817-825},
}

@article{zhiguang2016seg1,
  title={Q-compensated full-waveform inversion using constant-Q wave equation},
  author={Zhiguang Xue and Tieyuan Zhu and Sergey Fomel and Junzhe Sun},
  journal={SEG expanded abstracts: 86th Annual international meeting},
  year={2016},
  pages={1063-1068}
}

@Article{chenwei2016seg2,
  author={Wei Chen and Yangkang Chen and Wei Liu and Zixiang Cheng},
  title={Nonstationary signal decomposition via improved complete ensemble empirical mode decomposition and its application in ground roll noise attenuation},
  journal={86th Annual International Meeting, SEG, Expanded Abstracts},
  year=2016,
  pages={4139-4144}
}

@article{zhiguang2016seg2,
  title={Full-waveform inversion using smoothing kernels},
  author={Zhiguang Xue and Nick Alger and Sergey Fomel},
  journal={SEG expanded abstracts: 86th Annual international meeting},
  year={2016},
  pages={1358-1363}
}

@article{gao2016,
  author =	 {Z[] Gao and Z[] Pan and J[] Gao},
  title =	 {Multimutation differential evolution algorithm and its application to seismic inversion},
  year =	 2016,
  journal =	 {IEEE Transactions on Geoscience and Remote Sensing},
  volume =	 54,
  issue=6,
  pages =	 {3626-3636},
}



@article{scharf1987rank,
  title={Rank reduction for modeling stationary signals},
  author={Scharf, L and Tufts, D},
  journal={IEEE Transactions on Acoustics, Speech, and Signal Processing},
  volume={35},
  number={3},
  pages={350--355},
  year={1987},
  publisher={IEEE}
}

@article{de2009adaptive,
  title={Adaptive reduced-rank processing based on joint and iterative interpolation, decimation, and filtering},
  author={de Lamare, Rodrigo C and Sampaio-Neto, Raimundo},
  journal={IEEE Transactions on Signal Processing},
  volume={57},
  number={7},
  pages={2503--2514},
  year={2009},
  publisher={IEEE}
}
@article{goldstein1997reduced,
  title={Reduced-rank adaptive filtering},
  author={Goldstein, J Scott and Reed, Irving S},
  journal={IEEE Transactions on Signal Processing},
  volume={45},
  number={2},
  pages={492--496},
  year={1997},
  publisher={IEEE}
}

@article{wang2011recovery,
  title={Recovery of seismic wavefields based on compressive sensing by an l 1-norm constrained trust region method and the piecewise random subsampling},
  author={Wang, Yanfei and Cao, Jingjie and Yang, Changchun},
  journal={Geophysical Journal International},
  volume={187},
  number={1},
  pages={199--213},
  year={2011},
  publisher={Blackwell Publishing Ltd Oxford, UK}
}



@article{herrmann2007non,
  title={Non-linear primary-multiple separation with directional curvelet frames},
  author={Herrmann, Felix J and B{\"o}niger, Urs and Verschuur, Dirk Jacob},
  journal={Geophysical Journal International},
  volume={170},
  number={2},
  pages={781--799},
  year={2007},
  publisher={Blackwell Publishing Ltd Oxford, UK}
}

@article{gao2017five,
  title={Five-Dimensional Seismic Reconstruction Using Parallel Square Matrix Factorization},
  author={Gao, Jianjun and Cheng, Jinkun and Sacchi, Mauricio D},
  journal={IEEE Transactions on Geoscience and Remote Sensing},
  volume={55},
  number={4},
  pages={2124--2135},
  year={2017},
  publisher={IEEE}
}

@Article{yaru2016dblend,
  author={Yaru Xue and Fanglan Chang and Dong Zhang and Yangkang Chen},
  title = {Simultaneous Sources Separation via an Iterative Rank-Increasing Method},
  journal={IEEE Geoscience and Remote Sensing Letters},
  year=2016,
  volume=13,
  number=12,
  issue=12,
  pages={1915 - 1919},
}


@article{ginolhac2013performance,
  title={Performance of two low-rank STAP filters in a heterogeneous noise},
  author={Ginolhac, Guillaume and Forster, Philippe and Pascal, Fr{\'e}d{\'e}ric and Ovarlez, Jean-Philippe},
  journal={IEEE Transactions on Signal Processing},
  volume={61},
  number={1},
  pages={57--61},
  year={2013},
  publisher={IEEE}
}


@Article{qingchen2018tgrs,
  author={Q[] Zhang and Weijian Mao and Yangkang Chen},
  title = {Attenuating crosstalk noise of simultaneous-source least-squares reverse time migration with GPU-based excitation-amplitude imaging condition},
  journal={IEEE Transaction on Geosciences and Remote Sensing},
  year=2018,
  pages={doi:10.1109/TGRS.2018.2858850},
}


@Article{shaohuan2019ieee,
  author={S[] Zu and H[] Zhou and Rushan Wu and Weijian Mao and Yangkang Chen},
  title = {Hybrid-sparsity constrained dictionary learning for iterative deblending of extremely noisy simultaneous-source data},
  journal={IEEE Transaction on Geosciences and Remote Sensing},
  year=2018,
  volume=57,
  number=4,
  issue=4,
  pages={2249-2262},
  doi={10.1109/TGRS.2018.2872416},
}



@Article{shaohuan2017gji,
  author={S[] Zu and H[] Zhou and W[] Mao and D[] Zhang and C[] Li and X[] Pan and Y[] Chen},
  title = {Iterative deblending of simultaneous-source data using a coherency-pass shaping operator},
  journal={Geophysical Journal International},
  year=2017,
  volume=211,
  issue=1,
  number=1,
  pages={541-557},
}

@Article{weilin2017gji,
  author={W[] Huang and R[] Wang and S[] Zu  and Y[] Chen},
  title = {Low-frequency noise attenuation in seismic and microseismic data using mathematical morphological filtering},
  journal={Geophysical Journal International},
  year=2017,
  volume=211,
  pages={1318–1340},
}

@Article{yatong2018gji,
  author={Y[] Zhou and S[] Li and D[] Zhang  and Y[] Chen},
  title = {Seismic noise attenuation using an online subspace tracking algorithm},
  journal={Geophysical Journal International},
  year=2018,
  volume=212,
  issue=2,
  number=2,
  pages={1072–1097},
}



@article{xiaolei2012,
  author =	 {Xiaolei Zou and Yuan Ma and Zhengkun Qin},
  title =	 {Fengyun-3B MicroWave Humidity Sounder (MWHS) Data Noise Characterization and Filtering Using Principal Component Analysis},
  year =	 2012,
  journal =	 {IEEE Transactions on Geoscience and Remote Sensing},
  volume =	 50,
  issue=12,
  pages =	 {4892 - 4902},
}
@article{malioutov2010sequential,
  title={Sequential compressed sensing},
  author={Malioutov, Dmitry M and Sanghavi, Sujay R and Willsky, Alan S},
  journal={IEEE Journal of Selected Topics in Signal Processing},
  volume={4},
  number={2},
  pages={435--444},
  year={2010},
  publisher={IEEE}
}

@article{ataman1980fast,
  title={A fast method for real-time median filtering},
  author={Ataman, E and Aatre, V and Wong, K},
  journal={IEEE Transactions on Acoustics, Speech, and Signal Processing},
  volume={28},
  number={4},
  pages={415--421},
  year={1980},
  publisher={IEEE}
}
@article{gabbouj1992overview,
  title={An overview of median and stack filtering},
  author={Gabbouj, Moncef and Coyle, Edward J and Gallagher Jr, Neal C},
  journal={Circuits, Systems and Signal Processing},
  volume={11},
  number={1},
  pages={7--45},
  year={1992},
  publisher={Springer}
}
@article{trahanias1993vector,
  title={Vector directional filters-a new class of multichannel image processing filters},
  author={Trahanias, Panos E and Venetsanopoulos, Anastasios N},
  journal={IEEE Transactions on Image Processing},
  volume={2},
  number={4},
  pages={528--534},
  year={1993},
  publisher={IEEE}
}
@article{maleki2010optimally,
  title={Optimally tuned iterative reconstruction algorithms for compressed sensing},
  author={Maleki, Arian and Donoho, David L},
  journal={IEEE Journal of Selected Topics in Signal Processing},
  volume={4},
  number={2},
  pages={330--341},
  year={2010},
  publisher={IEEE}
}

@article{keys1981cubic,
  title={Cubic convolution interpolation for digital image processing},
  author={Keys, Robert},
  journal={IEEE transactions on acoustics, speech, and signal processing},
  volume={29},
  number={6},
  pages={1153--1160},
  year={1981},
  publisher={Ieee}
}

@article{khosravi2016large,
  title={Large Array Null Steering Using Compressed Sensing},
  author={Khosravi, Mahdi and Fakharzadeh, Mohammad and Bastani, Mohammad Hassan},
  journal={IEEE Signal Processing Letters},
  volume={23},
  number={8},
  pages={1032--1036},
  year={2016},
  publisher={IEEE}
}

@article{figueiredo2007gradient,
  title={Gradient projection for sparse reconstruction: Application to compressed sensing and other inverse problems},
  author={Figueiredo, M{\'a}rio AT and Nowak, Robert D and Wright, Stephen J},
  journal={IEEE Journal of selected topics in signal processing},
  volume={1},
  number={4},
  pages={586--597},
  year={2007},
  publisher={IEEE}
}
@article{chen1995,
  author =	 {J[] Chen and J[] Cihlar},
  title =	 {Quantifying the effect of canopy architecture on optical measurements of leaf area index using two gap size analysis methods},
  year =	 1995,
  journal =	 {IEEE Transactions on Geoscience and Remote Sensing},
  volume =	 33,
  issue=3,
  pages =	 {777-787},
}



@article{hongbo2015,
  author =	 {Hongbo Lin and Yue Li and Haitao Ma and Baojun Yang and Jun Dai},
  title =	 {Matching-Pursuit-Based Spatial-Trace Time-Frequency Peak Filtering for Seismic Random Noise Attenuation},
  year =	 2015,
  journal =	 {IEEE Geoscience and Remote Sensing Letters},
  volume =	 12,
  pages =	 {394-398},
}


@article{hanxue2015,
  author =	 {Xue Han and Hongbo Lin and Yue Li and Haitao Ma},
  title =	 {Adaptive Fission Particle Filter for Seismic Random Noise Attenuation},
  year =	 2015,
  journal =	 {IEEE Geoscience and Remote Sensing Letters},
  volume =	 12,
  number=9,
  issue=9,
  pages =	 {1918-1922},
}





@Article{shuwei2016vscan,
  author={S[] Gan and Shoudong Wang and Yangkang Chen and Shan Qu and Shaohuan Zu},
  title = {Velocity analysis of simultaneous-source data using high-resolution semblance-coping with the strong noise},
  journal={Geophysical Journal International},
  year=2016,
  volume=204,
  pages={768-779},
}

@Article{qushan2015,
  author={Shan Qu and Hui Zhou and Yangkang Chen and Sa Yu and Hongjing Zhang and Jiang Yuan and Yahui Yang and Mo Qin},
  title = { An effective method for reducing harmonic distortion in correlated vibroseis data },
  journal={Journal of Applied Geophysics},
  year=2015,
  volume=115,
  pages={120-128},
}  

@Article{spitz1991,
  author={S[] Spitz},
  title={Seismic trace interpolation in the F-X domain},
  journal={Geophysics},
  year=1991,
  volume=56,
  pages={785-794},
}

@Article{jinkun2015,
  author={Jinkun Cheng and Mauricio Sacchi},
  title = {Separation and reconstruction of simultaneous source data via iterative rank reduction},
  journal={Geophysics},
  year=2015,
  volume=80,
  issue=4,
  pages={V57-V66},
}


@article{eckart1936approximation,
  title={The approximation of one matrix by another of lower rank},
  author={Eckart, Carl and Young, Gale},
  journal={Psychometrika},
  volume={1},
  number={3},
  pages={211--218},
  year={1936},
  publisher={Springer}
}


@Article{weilin2016dmssa,
  author={Weilin Huang and Runqiu Wang and  Yangkang Chen and Huijian Li and Shuwei Gan},
  title = {Damped Multichannel Singular Spectrum Analysis for 3{D} Random Noise Attenuation },
  journal={Geophysics},
  year=2016,
  volume=81,
  issue=4,
  number=4,
  pages={V261-V270},
}

@Article{trickett2008,
  author={S[] Trickett},
  title ={{F}-xy Cadzow noise suppression},
  journal={CSPG CSEG CWLS Convention},
  year=2008,
  pages={303-306},
}


@article{yatong2017nuclear,
  author =	 {Yatong Zhou and Shili Zhang},
  title =	 {Robust noise attenuation based on nuclear norm minimization and a trace prediction strategy},
  year =	 2017,
  journal =	 {Journal of Applied Geophysics},
  volume =	 147,
  pages =	 {52-67},
}


@Article{yangkang2016irr5d,
  author={Yangkang Chen and Dong Zhang and Zhaoyu Jin and Xiaohong Chen and Shaohuan Zu and Weilin Huang and Shuwei Gan},
  title = {Simultaneous denoising and reconstruction of 5{D} seismic data via damped rank-reduction method},
  journal={Geophysical Journal International},
  year=2016,
  pages={1695-1717},
}

@Article{yangkang2016wfshape,
  author={Yangkang Chen and Zhaoyu Jin},
  title = {Simultaneously removing noise and increasing resolution of seismic data using waveform shaping},
  journal={IEEE Geoscience and remote sensing letters},
  year=2015,
  volume=13,
  number=1,
  pages={102-104},
}

@Article{yangkang2014emdsum,
  author={Y[] Chen and C[] Zhou and J[] Yuan and Z[] Jin},
  title = {Application of empirical mode decomposition to random noise attenuation of seismic data},
  journal={Journal of Seismic Exploration},
  year=2014,
  pages={481-495},
  volume = 23,
}

@article{zhang2017quantitative,
  title={A QUANTITATIVE EVALUATION METHOD BASED ON EMD FOR DETERMINING THE ACCURACY OF TIME-VARYING SEISMIC WAVELET EXTRACTION},
  author={Zhang, Peng and Dai, Yongshou and Wang, Rongrong and Tan, Yongcheng},
  journal={Journal of Seismic Exploration},
  volume={26},
  number={3},
  pages={267--292},
  year={2017},
  publisher={GEOPHYSICAL PRESS 14 RUE DU PRADO, 34170 CASTELNAU-LE-LEZ, FRANCE}
}

@article{asgedom2017rough,
  title={Rough-sea deghosting of single-sensor seismic data using the knowledge of the sea surface shape},
  author={Asgedom, Endrias G and Orji, Okwudili C and Soellner, Walter},
  journal={Journal of Seismic Exploration},
  volume={26},
  number={2},
  pages={105--123},
  year={2017},
  publisher={GEOPHYSICAL PRESS 14 RUE DU PRADO, 34170 CASTELNAU-LE-LEZ, FRANCE}
}


@article{zeng2017fluid,
  title={FLUID SENSITIVITY OF ROCK PHYSICS PARAMETERS IN RESERVOIRS: QUANTITATIVE ANALYSIS},
  author={Zeng, Qingcai and Guo, Yuqian and Jiang, Ren and Ba, Jing and Ma, Hongda and Liu, Jiong},
  journal={Journal of Seismic Exploration},
  volume={26},
  number={2},
  pages={125--140},
  year={2017},
  publisher={GEOPHYSICAL PRESS 14 RUE DU PRADO, 34170 CASTELNAU-LE-LEZ, FRANCE}
}

@article{jun2017application,
  title={APPLICATION OF EFFICIENT FREQUENCY-DOMAIN FULL WAVEFORM INVERSION USING TIME-DOMAIN ENCODED SIMULTANEOUS SOURCES},
  author={Jun, Hyunggu and Jin, Hyojoon and Shin, Changsoo},
  journal={Journal of Seismic Exploration},
  volume={26},
  number={2},
  pages={141--169},
  year={2017},
  publisher={GEOPHYSICAL PRESS 14 RUE DU PRADO, 34170 CASTELNAU-LE-LEZ, FRANCE}
}

@article{wang2017improved,
  title={AN IMPROVED Q-TOMOGRAPHY METHOD FOR ESTIMATION OF SEISMIC ATTENUATION THROUGH NON-LINEAR INVERSION},
  author={Wang, Hongxu and Jin, Ziqi and Tian, Deguang and Xu, Wei and Tan, Yusong},
  journal={Journal of Seismic Exploration},
  volume={26},
  number={2},
  pages={171--182},
  year={2017},
  publisher={GEOPHYSICAL PRESS 14 RUE DU PRADO, 34170 CASTELNAU-LE-LEZ, FRANCE}
}

@Article{shuwei2015seg1,
  author={Shuwei Gan and Shoudong Wang and Yangkang Chen and Xiaohong Chen},
  title = {Deblending of distance separated simultaneous-source data using seislet frames in the shot domain},
  journal={SEG expanded abstracts: 85th Annual international meeting},
  year=2015,
  pages={65-70},
}

@Article{shuwei2015seg2,
  author={Shuwei Gan and Shoudong Wang and Yangkang Chen and Xiaohong Chen},
  title = {Seismic data reconstruction via fast projection onto convex sets in the seislet transform domain},
  journal={SEG expanded abstracts: 85th Annual international meeting},
  year=2015,
  pages={3814-3819},
}

@Article{zhangdong2016seg,
  author={Dong Zhang and Yangkang Chen and Shuwei Gan},
  title ={Multidimensional seismic data reconstruction with multiple constraints},
  journal={86th Annual International Meeting, SEG, Expanded Abstracts},
  year=2016,
  pages={4801-4806},
}



@Article{zhangdong2016cseg,
  author={Dong Zhang and Yangkang Chen and Weilin Huang and Shuwei Gan},
  title={Multi-step reconstruction of 3{D} seismic data via an improved {MSSA} algorithm},
  journal={CPS/SEG Beijing 2016 International Geophysical Conference \& Exposition, SEG, Expanded Abstracts},
  year=2016,
  pages={745-749},
}

@Article{zhangdong2016eage,
  author={Dong Zhang and Yangkang Chen and Shuwei Gan},
  title = {Iterative reconstruction of 3{D} seismic data via multiple constraints},
  journal={78th Annual International Conference and Exhibition, EAGE, Extended Abstracts},
  year=2016,
  pages={DOI: 10.3997/2214-4609.201601241},
}


@Article{shaohuan2016seg,
  author={Shaohuan Zu and Hui Zhou and Yangkang Chen and Xiao Pan and Shuwei Gan and Dong Zhang and Chunlin Xie},
  title ={Recovering the most from big gaps using least-squares inversion},
  journal={86th Annual International Meeting, SEG, Expanded Abstracts},
  year=2016,
  pages={4128-4133},
}

@Article{shaohuan2016seg2,
  author={Shaohuan Zu and Hui Zhou and Yangkang Chen and H[] Chen and M[] Cao and C[] Xie},
  title ={A marine field trial for iterative deblending of simultaneous sources},
  journal={86th Annual International Meeting, SEG, Expanded Abstracts},
  year=2016,
  pages={113-118},
}

@Article{qushan2017eage,
  author={Shan Qu and D[] Verschuur and Yangkang Chen},
  title={Full Waveform Inversion Using an Automatic Directional Total Variation Constraint},
  journal={78th Annual International Conference and Exhibition, EAGE, Extended Abstracts},
  year=2016,
  pages={DOI: 10.3997/2214-4609.201701340},
}

@Article{shuwei2015seg1,
  author={Shuwei Gan and Shoudong Wang and Yangkang Chen and Xiaohong Chen},
  title = {Deblending of distance separated simultaneous-source data using seislet frames in the shot domain},
  journal={SEG expanded abstracts: 85th Annual international meeting},
  year=2015,
  pages={65-70},
}

@Article{shuwei2015seg2,
  author={Shuwei Gan and Shoudong Wang and Yangkang Chen and Xiaohong Chen},
  title = {Seismic data reconstruction via fast projection onto convex sets in the seislet transform domain},
  journal={SEG expanded abstracts: 85th Annual international meeting},
  year=2015,
  pages={3814-3819},
}




@Article{wujuan2018jge2,
  author={Juan Wu and Min Bai},
  title = {Attenuating seismic noise via incoherent dictionary learning},
  journal={Journal of Geophysics and Engineering},
  year=2018,
  volume=15,
  pages={1327},
}

@Article{xieqian2015eage,
  author={Qian Xie and Yangkang Chen and Guoyin Zhang and Shuwei Gan and Erying Wang},
  title = {Seismic Data Analysis Using Synchrosqueezeing Wavelet Transform - A Case Study Applied to Boonsville Field},
  journal={77th Annual International Conference and Exhibition, EAGE, Extended Abstracts},
  year=2015,
  pages={DOI: 10.3997/2214-4609.201412752},
}

@Article{wujuan2018jge,
  author={Juan Wu and Min Bai},
  title = {Adaptive rank-reduction method for seismic data reconstruction},
  journal={Journal of Geophysics and Engineering},
  year=2018,
  volume=15,
  pages={1688},
}

@Article{shaohuan2016seg2,
  author={Shaohuan Zu and Hui Zhou and Yangkang Chen and H[] Chen and M[] Cao and C[] Xie},
  title ={A marine field trial for iterative deblending of simultaneous sources},
  journal={86th Annual International Meeting, SEG, Expanded Abstracts},
  year=2016,
  pages={113-118},
}


@Article{wujuan2018cg1,
  author={Juan Wu and Min Bai},
  title = {Incoherent dictionary learning for reducing crosstalk noise in least-squares reverse time migration},
  journal={Computers and Geosciences},
  year=2018,
  volume=114,
  pages={11-21},
}

@Article{baimin2018cg,
  author={Min Bai and Juan Wu and Shaohuan Zu and Wei Chen},
  title = {A structural rank reduction operator for removing artifacts in least-squares reverse time migration},
  journal={Computers and Geosciences},
  year=2018,
  volume=117,
  pages={9-20},
}

@Article{guoning2016seg,
  author={Guoning Wu and Sergey Fomel and Yangkang Chen},
  title ={Data-driven time-frequency analysis of seismic data using regularized nonstationary autoregression},
  journal={86th Annual International Meeting, SEG, Expanded Abstracts},
  year=2016,
  pages={1700-1705},
}
@Article{wencheng2014,
  author={W[] Yang and R[] Wang and Y[] Chen and J[] Wu},
  title = {Random noise attenuation using a new spectral decomposition method},
  journal={SEG expanded abstracts: 84th Annual international meeting},
  year=2014,
  pages={4366-4370},
}


@Article{chenwei2016seg,
  author={Wei Chen and Yangkang Chen and Jianyong Xie and Shaohuan Zu and Y[] Zhang},
  title={Multiples attenuation using trace randomization and empirical mode decomposition},
  journal={86th Annual International Meeting, SEG, Expanded Abstracts},
  year=2016,
  pages={4498-4502}
}
  @Article{jianyong2016eage2,
  author={Jianyong Xie and Bangrang Di and Jianxin Wei and Qian Xie and Shaohuan Zu and Yangkang Chen},
  title = {Stacking using truncated singular value decomposition and local similarity},
  journal={78th Annual International Conference and Exhibition, EAGE, Extended Abstracts},
  year=2016,
  pages ={DOI: 10.3997/2214-4609.201601325}
}
@Article{eemd,
  author={Z[] Wu and N[] E[] Huang},
  title={ Ensemble empirical mode decomposition: A noise-assisted data analysis method},
  journal={Advances in Adaptive Data Analysis},
  year=2009,
  volume=1,
  number=1,
  pages={1-41},
}

@article{baimin2018jse1,
  author =	 {Min Bai and Juan Wu and Jianyong Xie and Dong Zhang},
  title =	 {Least-squares reverse time migration of blended data with low-rank constraint along structural direction},
  year =	 2018,
  journal =	 {Journal of Seismic Exploration},
  volume =	 27,
  issue=1,
  number=1,
  pages =	 {29-48},
}
@article{yatong2018jse,
  author =	 {Yatong Zhou and Weixue Han},
  title =	 {Multiples attenuation in the presence of blending noise},
  year =	 2018,
  journal =	 {Journal of Seismic Exploration},
  volume =	 27,
  issue=1,
  number=1,
  pages =	 {69-88},
}

@Article{baimin2017jse1,
  author={Min Bai and Juan Wu},
  title = {Efficient deblending using median filtering without correct normal moveout - with comparison on migrated images},
  journal={Journal of Seismic Exploration},
  year=2017,
  volume=26,
  pages={455-479},
}

@article{baimin2018jse2,
  author =	 {Min Bai and Juan Wu},
  title =	 {Seismic Deconvolution Using Iteartive Transform-domain Sparse Inversion},
  year =	 2018,
  journal =	 {Journal of Seismic Exploration},
  volume =	 27,
  issue=2,
  number=2,
  pages =	 {103-116},
}


@article{huijian2016,
  author =	 {H[] Li and R[] Wang and S[] Cao and Yangkang Chen and Weilin Huang},
  title =	 {A method for low-frequency noise suppression based on mathematical morphology in microseismic monitoring},
  journal = 	 {Geophysics},
  year = 	 2016,
  volume =	81,
  number=3,
  pages =	 {V159-V167},
}

@Article{yaru2016,
  author={Yaru Xue and Jing Yang and Jitao Ma and Yangkang Chen},
  title = {Amplitude-preserving nonlinear adaptive multiple attenuation using the high-order sparse Radon transform},
  journal={Journal of Geophysics and Engineering},
  year=2016,
  volume=13,
  pages={207-219},
}

@Article{fomel2010seislet,
  author = 	 {S[] Fomel and Y[] Liu},
  title = 	 {Seislet transform and seislet frame},
  journal = 	 {Geophysics},
  year = 	 2010,
  volume =	 75,
  issue=3,
  pages =	 {V25-V38},
}

@Article{yangkang2018eseis,
  author={Y[] Chen and S[] Fomel},
  title = {E{MD}-seislet transform},
  journal={Geophysics},
  year=2018,
  volume=83,
  number=1,
  issue=1,
  pages={A27-A32},
}

@Article{yangkang2015eseis,
  author={Yangkang Chen and Sergey Fomel},
  title ={E{MD}-seislet transform},
  journal={85th Annual International Meeting, SEG, Expanded Abstracts},
  year=2015,
  pages={4775-4778},
}

@Article{shaohuan2016,
Author = {Shaohuan Zu and Hui Zhou and Yangkang Chen and and Shan Qu and Xiaofeng Zou and Haolin Chen and Renwu Liu},
Title = {A periodically varying code for improving deblending of simultaneous sources in marine acquisition},
Journal   = {Geophysics},
Year      = {2016},
Number    = {3},
Pages     = {V213-V225},
Volume    = {81},
}

@Article{trickett2008,
  author={S[] Trickett},
  title ={{F}-xy Cadzow noise suppression},
  journal={CSPG CSEG CWLS Convention},
  year=2008,
  pages={303-306},
}

@Article{zhangdong2016,
  author={D[] Zhang and Y[] Chen and W[] Huang and S[] Gan},
  title = {Multi-step damped multichannel singular spectrum analysis for simultaneous reconstruction and denoising of 3{D} seismic data},
  journal={Journal of Geophysics and Engineering},
  year=2016,
  volume=13,
  pages={704-720},
}

@Article{wencheng2015asa,
  author={W[] Yang and R[] Wang and Y[] Chen and J[] Wu and S[] Qu and J[] Yuan and S[] Gan},
  title = {Application of spectral decomposition using regularized non-stationary autoregression to random noise attenuation},
  journal={Journal of Geophysics and Engineering},
  year=2015,
  volume = 12,
  pages={175-187},
}

@Article{donoho1994,
  author={D[] L[] Donoho and I[] M[] Johnstone},
  title={Ideal spatial adaptation by wavelet shrinkage},
  journal={Biometrika},
  year=1994,
  volume=81,
  pages={425-455},
}

@Article{yangkang2016dsd,
  author={Yangkang Chen and Jianwei Ma and Sergey Fomel},
  title ={Double-sparsity dictionary for seismic noise attenuation},
  journal={Geophysics},
  year=2016,
  volume=81,
  issue=2,
  number=2,
  pages={V17-V30},
}


@Article{shaohuan2015,
  author={Shaohuan Zu and Hui Zhou and Yangkang Chen and Y[] Liu and S[] Qu},
  title = {A periodically variational dithering code for improving deblending},
  journal={SEG expanded abstracts: 85th Annual international meeting},
  year=2015,
  pages={38-42},
}
@Article{candes20061,
  author={E[] J[] Cand\`{e}s and L[] Demanet and D[] L[] Donoho and L[] Ying},
  title={Fast discrete curvelet transforms},
  journal={SIAM, Multiscale Modeling and Simulation},
  year=2006,
  Volume=5,
  pages={861-899},
}
@Article{fomel2010seislet,
  author = 	 {S[] Fomel and Y[] Liu},
  title = 	 {Seislet transform and seislet frame},
  journal = 	 {Geophysics},
  year = 	 2010,
  volume =	 75,
  pages =	 {V25-V38},
}

@Article{liuyang2009tvmf,
  author = 	 {Y[] Liu and Cai Liu and Dian Wang},
  title = 	 {A 1D time-varying median filter for seismic random, spike-like noise elimination},
  journal = 	 {Geophysics},
  year = 	 2009,
  volume =	 74,
  pages =	 {V17-V24},
}

@Article{liuyang2010,
author={Y[] Liu and S[] Fomel},
title={High-order seislet transform and its application of random noise attenuation},
journal={Geophysics},
volume=75,
year=2010,
pages={WB235-WB245}
}

@Article{liuyang2014,
  author =	 { Yang Liu and Sergey Fomel and Cai Liu},
  title =	 {Signal and noise separation in prestack seismic data using velocity-dependent seislet transform},
  journal =	 {Geophysics},
  year =	 2014,
  pages =	 {under review},
}

@Article{neelamani2008,
  author={Ramesh Neelamani and Anatoly I[] Baumstein and Dominique G[] Gillard and Mohamed T[] Hadidi and William L[] Soroka},
  title={	
Coherent and random noise attenuation using the curvelet transform},
  journal={The Leading Edge},
  year=2008,
  volume=27,
  pages={240-248},
}

@article{abma1995,
  author =	 {R[] Abma and J[] Claerbout},
  title =	 {Lateral prediction for noise attenuation by $t-x$ and $f-x$ techniques},
  year =	 1995,
  journal =	 {Geophysics},
  volume =	 60,
  issue=6,
  number=6,
  pages =	 {1887-1896},
}


@Article{bekara2009,
  author = 	 {M[] Bekara and Mirko van~der~Baan},
  title = 	 {Random and coherent noise attenuation by empirical mode decomposition},
  journal = 	 {Geophysics},
  year = 	 2009,
  volume = 	 74,
  number = 	 5,
  issue=5,
  pages = 	 {V89-V98}}

@Article{hale2011,
  author={Dave Hale},
  title = {Structure-oriented bilateral filtering},
  journal={CWP-695},
  year=2011,
  pages={239-248},
}
@article{wang2020low,
  title={Low-rank seismic denoising with optimal rank selection for hankel matrices},
  author={Wang, Chong and Zhu, Zhihui and Gu, Hanming},
  journal={Geophysical Prospecting},
  volume={68},
  number={3},
  pages={892--909},
  year={2020},
  publisher={European Association of Geoscientists \& Engineers}
}

@Article{yangkang2018gji3,
  author={Yangkang Chen and Weilin Huang and Yatong Zhou and Wei Liu and Dong Zhang },
  title = {Plane-wave orthogonal polynomial transform for amplitude-preserving noise attenuation},
  journal={Geophysical Journal International},
  year=2018,
  volume=214,
  pages={2207-2223},
}

@Article{mada2013,
  author={Sergey Fomel and P[] Sava and I[] Vlad and Y[] Liu and V[] Bashkardin},
  title={Madagascar open-source software project},
  journal = 	 {Journal of Open Research Software},
  year = 	 2013,
  volume =	 1,
  pages =	 {e8},
}

@article{zhuang2015,
  author =	 {G[] Zhuang and Y[] Li and Y[] Liu and H[] Lin and H[] Ma and N[] Wu},
  title =	 {Varying-Window-Length {TFPF} in High-Resolution Radon Domain for Seismic Random Noise Attenuation},
  year =	 2015,
  journal =	 {IEEE Geoscience and Remote Sensing Letters},
  volume =	 12,
  pages =	 {404-408},
}

@article{hongbo2015,
  author =	 {Hongbo Lin and Yue Li and Haitao Ma and Baojun Yang and Jun Dai},
  title =	 {Matching-Pursuit-Based Spatial-Trace Time-Frequency Peak Filtering for Seismic Random Noise Attenuation},
  year =	 2015,
  journal =	 {IEEE Geoscience and Remote Sensing Letters},
  volume =	 12,
  pages =	 {394-398},
}

@Article{guitton2012,
  author={Antoine Guitton and Esteban Diaz},
  title={Attenuating crosstalk noise with simultaneous source full waveform inversion},
  journal={Geophysical Prospecting},
  year=2012,
  Volume=60,
  pages={759-768},
}

@Article{stephen2013,
  author={Stephen K[] Chiu},
  title={Coherent and random noise attenuation via multichannel singular spectrum analysis in the randomized domain},
  journal={Geophysical Prospecting},
  year=2013,
  Volume=61,
  pages={1-9},
}

@Article{wencheng2015stack,
  author={Wencheng Yang and Runqiu Wang and Jian Wu and Yangkang Chen and Shuwei Gan and Wei Zhong},
  title = {An efficient and effective common reflection surface stacking approach using local similarity and plane-wave flattening},
  journal={Journal of Applied Geophysics},
  year=2015,
  volume=117,
  pages={67-72},
}

@Article{shuwei20164,
  author={S[] Gan and S[] Wang and Y[] Chen and J[] Chen and W[] Zhong and C[] Zhang},
  title = {Improved random noise attenuation using f−x empirical mode decomposition and local similarity},
  journal={Applied Geophysics},
  year=2016,
  volume=13,
  pages={127-134},
}

@Article{galbraith1991,
  author = 	 {Mike Galbraith},
  title = 	 {Random noise attenuation by {F}-{X} prediction: A tutorial},
  journal = 	 {61st Annual International Meeting, SEG, Expanded Abstracts},
  year = 	 1991,
  pages =	 {1428-1431},
}


@Article{guochang2013,
author={G[] Liu and X[] Chen},
title={Noncausal f-x-y regularized nonstationary prediction filtering for random noise attenuation on 3{D} seismic data},
journal={Journal of Applied Geophysics},
volume=93,
year=2013,
pages={60-66}
}


@Article{guochang20112,
author={G[] Liu and X[] Chen and J[] Du and J[] Song},
title={Seismic noise attenuation using nonstationary polynomial fitting},
journal={Applied Geophysics},
volume=8,
number=1,
year=2011,
pages={18-26},
}

@Article{guochang2009,
author={G[] Liu and S[] Fomel and L[] Jin and X[] Chen},
title={Stacking seismic data using local correlation},
journal={Geophysics},
volume=74,
year=2009,
issue=3,
number=3,
pages={V43-V48}
}

@Article{guochang2012,
  author={Guochang Liu and Xiaohong Chen and Jing Du and Kailong Wu},
  title ={Random noise attenuation using \emph{f-x} regularized nonstationary autoregression},
  journal={Geophysics},
  volume=77,
  year=2012,
  issue=2,
  number=2,
  pages={V61-V69},
}



@Article{weilin2016,
  author={Weilin Huang and Runqiu Wang and  Yangkang Chen and Huijian Li and Shuwei Gan},
  title = {Damped Multichannel Singular Spectrum Analysis for 3{D} Random Noise Attenuation },
  journal={Geophysics},
  year=2016,
  volume=81,
  number=4,
  pages={V261-V270},
}

@Article{liuwei2016vmd,
  author={Wei Liu and Siyuan Cao and Yangkang Chen},
  title = {Applications of variational mode decomposition in seismic time-frequency analysis},
  journal={Geophysics},
  year=2016,
  volume=81,
  number=5,
  pages={V365-V378},
}


@Article{bekara2009,
  author = 	 {M[] Bekara and Mirko van~der~Baan},
  title = 	 {Random and coherent noise attenuation by empirical mode decomposition},
  journal = 	 {Geophysics},
  year = 	 2009,
  volume = 	 74,
  pages = 	 {V89-V98}}

@Article{yangkang20141,
  author={Yangkang Chen and Jitao Ma},
  title ={Random noise attenuation by \emph{f-x} empirical mode decomposition predictive filtering},
  journal={Geophysics},
  year=2014,
  Volume=79,
  pages={V81-V91},
}

@Article{yangkang2015shemd,
  author={Y[] Chen and S[] Gan and T[] Liu and J[] Yuan and Y[] Zhang and Z[] Jin},
  title = {Random noise attenuation by a selective hybrid approach using f-x empirical mode decomposition},
  journal={J. Geophys. Eng.},
  year=2015,
  volume=12,
  pages={12-25},
}

@Article{bekara2007,
  author = 	 {M Bekara and Mirko van~der~Baan},
  title = 	 {Local singular value decomposition for signal enhancement of seismic data},
  journal = 	 {Geophysics},
  year = 	 2007,
  volume = 	 72,
  number = 	 2,
  issue=2,
  pages = 	 {V59-V65}}

@Article{yangkang2016emd,
  author={Yangkang Chen},
  title = {Dip-separated structural filtering using seislet thresholding and adaptive empirical mode decomposition based dip filter},
  journal={Geophysical Journal International},
  year=2016,
  volume=206,
  number=1,
  pages={457-469},
}

@Article{shuwei20163,
  author={S[] Gan and Shoudong Wang and Yangkang Chen and Xiaohong Chen},
  title = {Simultaneous-Source Separation Using Iterative Seislet-Frame Thresholding},
  journal={IEEE Geoscience and remote sensing letters},
  year=2016,
  volume=13,
  number=2,
  pages={197-201},
}

@Article{jinghuai2006,
  author = 	 {J[] Gao and J[] Mao and W[] Chen and Q[] Zheng},
  title = 	 {On the denoising method of prestack seismic data in wavelet domain},
  journal = 	 {Chinese J. Geophys},
  year = 	 2006,
  volume =	 49,
  number= 	 4,
  annote=        {in Chinese},
  pages =	 {1155-1163}
}

@Article{zhangr2003,
  author = 	 {R[] Zhang and T[] Ulrych},
  title = 	 {Physical wavelet frame denoising},
  journal = 	 {Geophysics},
  year = 	 2003,
  volume = 	 68,
  pages = 	 {225-231}}


@Article{yangkang20142,
  author={Yangkang Chen and Sergey Fomel and Jingwei Hu},
  title ={Iterative deblending of simultaneous-source seismic data using seislet-domain shaping regularization},
  journal={Geophysics},
  year=2014,
  volume=79,
  number=5,
  pages={V179-V189},
}

%28
@Article{yangkang2016wfshape,
  author={Yangkang Chen and Zhaoyu Jin},
  title = {Simultaneously removing noise and increasing resolution of seismic data using waveform shaping},
  journal={IEEE Geoscience and remote sensing letters},
  year=2015,
  volume=13,
  number=1,
  pages={102-104},
}

@Article{shuwei2015,
  author={S[] Gan and Y[] Chen and S[] Zu and S[] Qu and W[] Zhong},
  title = {Structure-oriented singular value decomposition for signal enhancement of seismic data},
  journal={J. Geophys. Eng.},
  year=2015,
  volume=12,
  pages={262-272},
}

@Article{mssa,
  author={Vicente Oropeza and Mauricio Sacchi},
  title={Simultaneous seismic data denoising and reconstruction via multichannel singular spectrum analysis},
  journal = 	 {Geophysics},
  year = 	 2011,
  volume =	 76,
  pages =	 {V25-V32},
}

@Article{yike2013,
  author={Yike Liu},
  title={Noise reduction by vector median filtering},
  journal={Geophysics},
  year=2013,
  volume=78,
  pages={V79-V87},
}

@Article{shuwei2016,
  author={S[] Gan and Shoudong Wang and Yangkang Chen and Xiaohong Chen and Kui Xiang},
  title = {Separation of simultaneous sources using a structural-oriented median filter in the flattened dimension},
  journal={Computers \& Geosciences},
  year=2016,
  volume=86,
  pages={46-54},
}

@Article{nlm,
  author = 	 {David Bonar and Mauricio Sacchi},
  title = 	 {Denoising seismic data using the nonlocal means algorithm},
  journal = 	 {Geophysics},
  year = 	 2012,
  volume =	 77,
  pages =	 {A5-A8}}

@Article{yangkang2014svmf,
  author={Y[] Chen},
  title = {Deblending using a space-varying median filter},
  journal={Explor. Geophys.},
  year=2015,
  volume = 46,
  pages={332-341},
}

@Article{liuwei2016,
  author={W[] Liu and S[] Cao and Y[] Chen and S[] Zu},
  title = {An effective approach to attenuate random noise based on compressive sensing and curvelet transform},
  journal={J. Geophys. Eng.},
  year=2016,
  volume=13,
  pages={135-145},
}

@Article{kahoo2009,
   author={A[] Kahoo and T[] R[] Siahkoohi},
   title={Random noise suppression from seismic data using time frequency peak filtering},
   journal={71st Annual International Conference and Exhibition, EAGE, Extended Abstracts},
   year=2009,
}

@Article{lin2013,
  author={H[] Lin and Y[] Li and B[] Yang and T[] Ma},
  title ={Random denoising and signal nonlinearity approach by time-frequency peak filtering using weighted frequency reassignment},
  journal={Geophysics},
  year=2013,
  Volume=78,
  pages={V229-V237},
}

@Article{vmd2014,
  author ={K[] Dragomiretskiy and D[] Zosso},
  title ={Variational mode decomposition},
  journal ={IEEE T. Signal Proces.},
  year = 2014,
  volume = 62,
  pages ={531-544}
}

@Article{liuwei2015,
  author = 	 {W[] Liu and S[] Cao and Y[] He},
  title = 	 {Ground roll attenuation using variational mode decomposition},
  journal = 	 {77th Annual International Conference and Exhibition, EAGE, Extended Abstracts},
  year = 	 2015}
}

@Article{wang2015,
  author = 	 {Y[] Wang and R[] Markert and J[] Xiang and W[] Zheng},
  title = 	 {Research on variational mode decomposition and its application in detecting rub-impact fault of the rotor system},
  journal = 	 {Mech. Syst. Signal Pr.},
  year = 	 2015,
  volume =	 {60-61},
  pages =	 {243-251}
}

@Article{upad2015,
  author = 	 {A[] Upadhyay and R[] B[] Pachori},
  title = 	 {Instantaneous voiced/non-voiced detection in speech signals based on variational mode decomposition},
  journal = 	 {J. Franklin I.},
  year = 	 2015,
  volume=      352,
  pages = 	 {2679-2707}
}

@Article{liuweivmd2016,
  author={W[] Liu and S[] Cao and Y[] Chen},
  title ={Applications of variational mode decomposition in seismic time-frequency analysis},
  journal={Geophysics},
  year=2016,
  Volume=81,
  pages={V365-V378},
}

@Article{hestenes1969,
  author = {M[] R[] Hestenes},
  title = {Multiplier and gradient methods},
  journal ={J. Optimiz. Theory App.},
  year = 1969,
  volume = 4,
  pages = {303-320}
}


@Article{benfeng2015,
  author={Benfeng Wang and Jingye Li and Xiaohong Chen},
  title={ A novel method for simultaneous seismic data interpolation and noise removal based on the $L_0$ constraint},
  journal={Journal of Seismic Exploration},
  year=2015,
  number=3,
  pages={187-204},
}

@Article{zhongwei2016,
  author={W[] Zhong and Y[] Chen and S[] Gan and J[] Yuan},
  title = {L1/2 Norm Regularization for 3{D} Seismic Data Interpolation },
  journal={Journal of Seismic Exploration},
  year=2016,
  pages={257-268},
}

@Article{qianping2016,
  author={Q[] Zhang and Y[] Chen and H[] Guan and J[] Wen},
  title = {Well-log constrained inversion for lithology characterization: a case study at the JZ25-1 oil field, China},
  journal={Journal of Seismic Exploration},
  year=2016,
  volume=25,
  number=2,
  pages={121-129},
}

@Article{wujiandemul2016,
  author={Jian Wu and Runqiu Wang and Yangkang Chen and Yizhuo Zhang and Shuwei Gan and Chao Zhou},
  title = {Multiples attenuation using shaping regularization with seislet domain sparsity constraint},
  journal={Journal of Seismic Exploration},
  year=2016,
  volume=25,
  pages={1-9},
}


%31
@article{liuwei2016sswt,
  author =	 {Wei Liu and Siyuan Cao and Yang Liu and Yangkang Chen},
  title =	 {Synchrosqueezing Transform and its applications in seismic data analysis},
  year =	 2016,
  journal =	 {Journal of Seismic Exploration},
  volume={25},
 pages=27-44,
}


%others
@Article{fangyu2016,
  author={Fangyu Li and H[] Zhou and T[] Zhao and K[] Marfurt},
  title={ Unconventional reservoir characterization based on spectrally corrected seismic attenuation estimation},
  journal={Journal of Seismic Exploration},
  year=2016,
  volume=25,
  issue=5,
  number=5,
  pages={447-461},
}

@Article{jsefwi2016,
  author={Y[] Li and Z[] Li and K[] Zhang and Y[] Lin},
  title={Frequency-domain full waveform inversion with rugged free surface based on variable grid finite-difference method},
  journal={Journal of Seismic Exploration},
  year=2016,
  volume=25,
  issue=6,
  number=6,
  pages={543-543},
}

@Article{jsedecon2016,
  author={C[] Liu and D[] Wang and B[] Hu and T[] Wang},
  title={Seismic deconvolution with shearlet sparsity constrained inversion},
  journal={Journal of Seismic Exploration},
  year=2016,
  volume=25,
  issue=5,
  number=5,
  pages={433-445},
}

@Article{jseica2016,
  author={L[] T[] Ikelle},
  title={Up-down separation of OBS wavefield using ICA techniques},
  journal={Journal of Seismic Exploration},
  year=2016,
  volume=25,
  issue=5,
  number=5,
  pages={419-432},
}

@Article{jseshale2016,
  author={X[] Wu and R[] Uden and M[] Chapman},
  title={Shale anisotropic elastic modeling and seismic reflections},
  journal={Journal of Seismic Exploration},
  year=2016,
  volume=25,
  issue=5,
  number=5,
  pages={419-432},
}


@Article{jsepssp2016,
  author={L[] Lines and P[] Daley and J[] Embleton and D[] Gray},
  title={{PSSP} waves - Their presence and possible utilization in seismic inversion},
  journal={Journal of Seismic Exploration},
  year=2016,
  volume=25,
  issue=6,
  number=6,
  pages={497-512},
}


@Article{jsejianwei2016,
  author={C[] Zhang and B[] Sun and H[] Yang and J[] Ma},
  title={A non-split perfectly matched layer absorbing boundary condition for the second-order wave equation modeling},
  journal={Journal of Seismic Exploration},
  year=2016,
  volume=25,
  issue=6,
  number=6,
  pages={513-525},
}

@Article{jsepm2016,
  author={C[] Chang and Y[] Chang and P[] Tseng and C[] Lin},
  title={Physical model study of reflection pitfalls and anisotropy parameter estimation in a transversely isotropic medium},
  journal={Journal of Seismic Exploration},
  year=2016,
  volume=25,
  issue=5,
  number=5,
  pages={399-399},
}

@Article{jsedemul2016,
  author={W[] Sun and H[] Wang},
  title={Water-layer-related demultiple method using constraints in the sparse, local TAU-P domain},
  journal={Journal of Seismic Exploration},
  year=2016,
  volume=25,
  issue=5,
  number=5,
  pages={463-483},
}

@Article{pstmjse2016,
  author={H[] Zhang and J[] Xu and Q[] Liu and J[] Zhang},
  title={Imaging 2{D} rugged topography seismic data: A topography PSTM approach integrated with residual static correction},
  journal={Journal of Seismic Exploration},
  year=2016,
  volume=25,
  issue=4,
  number=4,
  pages={339-358},
}

@Article{jsewe2016,
  author={C[] Ren and X[] Tian},
  title={Prestack migration based on asymmetric wave-equation extrapolation},
  journal={Journal of Seismic Exploration},
  year=2016,
  volume=25,
  issue=4,
  number=4,
  pages={375-397},
}

@Article{jseshearlet2016,
  author={D[] Kong and Z[] Peng and Y[] He and H[] Fan},
  title={Seismic random noise attenuation using directional total variation in the shearlet domain},
  journal={Journal of Seismic Exploration},
  year=2016,
  volume=25,
  issue=4,
  number=4,
  pages={321-338},
}

@Article{jsevscan2016,
  author={H[] Shen and Y[] Yan and C[] Chen and B[] Zhang},
  title={Multiple-transient Surface wave phase velocity analysis in expanded f-k domain and its application},
  journal={Journal of Seismic Exploration},
  year=2016,
  volume=25,
  issue=4,
  number=4,
  pages={299-319},
}

@Article{jserugekutta2016,
  author={C[] Zhang and L[] Chen},
  title={A symplectic partitioned Runge-Kutta method using the eighth-order NAD operator for solving the 2{D} elastic wave equation},
  journal={Journal of Seismic Exploration},
  year=2015,
  issue=24,
  issue=3,
  number=3,
  pages={205-230},
}
@article{liu2017application,
  title={Application of variational mode decomposition to seismic random noise reduction},
  author={Liu, Wei and Cao, Siyuan and Wang, Zhiming},
  journal={Journal of Geophysics and Engineering},
  volume={14},
  year={2017}
}

@article{beylkin1987discrete,
  title={Discrete radon transform},
  author={Beylkin, Gregory},
  journal={IEEE transactions on acoustics, speech, and signal processing},
  volume={35},
  number={2},
  issue=2,
  pages={162--172},
  year={1987},
  publisher={IEEE}
}

@Article{gilles2013,
  author={J[] Gilles},
  title = {Empirical wavelet transform},
  journal={IEEE Transaction on Signal Process},
  volume={61},
  year=2013,
  pages={3999-4010},
}

@Article{jianwei20093,
  author={J[] Ma and F[]-X L[] Dimet},
  title={Deblurring from highly incomplete measurements for remote sensing},
  journal={IEEE Transactions on Geoscience and Remote Sensing},
  year=2009,
  Volume=47,
  issue=3,
  pages={792-802},
}

@Article{jsehessian2015,
  author={B[] He and G[] Wu},
  title={A slim approximate Hessian for perturbation velocity inversion with incomplete reflection data},
  journal={Journal of Seismic Exploration},
  year=2015,
  issue=24,
  issue=3,
  number=3,
  pages={281-304},
}
@Article{eemd,
  author={Z[] Wu and N[] E[] Huang},
  title={ Ensemble empirical mode decomposition: A noise-assisted data analysis method},
  journal={Advances in Adaptive Data Analysis},
  year=2009,
  volume=1,
  issue=1,
  pages={1-41},
}
@Article{epsceemd,
  title={Noise-assisted EMD methods in action},
  author={Colominas, Marcelo A and Schlotthauer, Gast{\'o}n and TORRES, MAR{\'I}A E and Flandrin, Patrick},
  journal={Advances in Adaptive Data Analysis},
  volume={4},
  number={04},
  pages={1250025},
  year={2012},
  publisher={World Scientific}
}

@Article{huangemd,
  author = 	 {Norden E. Huang and Zheng Shen and Steven R. Long and Manli C. Wu and Hsing H. Shih and Quanan Zheng and Nai-Chyuan Yen and Chi Chao Tung and Henry H. Liu},
  title = 	 {The empirical mode decomposition and the {Hilbert} spectrum for nonlinear and non-stationary time series analysis},
  journal = 	 {Proceeding of the Royal Society of London Series A},
  year = 	 1998,
  volume = 	 454,
  pages = 	 {903-995}}
  
  
@Article{vmd2014,
  author = 	 {K[] Dragomiretskiy and D[] Zosso},
  title = 	 {Variational mode decomposition},
  journal = 	 {IEEE Transaction on Signal Processing},
  year = 	 2014,
  volume = 62,
  number = 3,
  pages = 	 {531 - 544}
}
%TGRS
@Article{yangkang2017ieee,
  author={Yangkang Chen and Yatong Zhou and Wei Chen and Shaohuan Zu and Weilin Huang and Dong Zhang},
  title = {Empirical low rank decomposition for seismic noise attenuation},
  journal={IEEE Transactions on Geoscience and Remote Sensing},
  year=2017,
  volume=55,
  number=8,
  issue=8,
  pages={4696-4711},
}

@Article{weilin2017ieee,
  author={Weilin Huang and Runqiu Wang and Xiaohong Chen and Yangkang Chen},
  title = {Double least squares projections method for signal estimation},
  journal={IEEE Transactions on Geoscience and Remote Sensing},
  year=2017,
  volume=55,
  number=7,
  issue=7,
  pages={4111-4129},
}

@Article{hanming2017,
  author={Hanming Chen and Hui Zhou and Q[] Li and Yangkang Chen},
  title = {Modeling elastic wave propagation using K-space operator based temporal high-order staggered-grid finite-difference method},
  journal={IEEE Transaction on Geoscience and Remote Sensing},
  year=2017,
  volume=55,
  number=2,
  issue=2,
  pages={801-815},
}



%GRSL
@Article{yufeng2017,
  author={Y[] Wang and H[] Zhou and S[] Zu and W[] Mao and Y[] Chen},
  title = {Three-operator proximal splitting scheme for 3{D} seismic data reconstruction},
  journal={IEEE Geoscience and Remote Sensing Letters},
  year=2017,
  pages={doi:10.1109/LGRS.2017.2737786},
}

@Article{jianyong2017,
  author={Jianyong Xie and Wei Chen and Dong Zhang and Shaohuan Zu and Yangkang Chen},
  title = {Application of principal component analysis in weighted stacking of seismic data},
  journal={IEEE Geoscience and Remote Sensing Letters},
  year=2017,
  volume=14,
  number=8,
  issue=8,
  pages={1213-1217},
}

@Article{amir2017grsl,
  author={M[] A[] N[] Siahsar and S[] Gholtashi and E[] Olyaei and W[] Chen and Y[] Chen},
  title = {Simultaneous denoising and interpolation of 3{D} seismic data via damped data-driven optimal singular value shrinkage},
  journal={IEEE Geoscience and Remote Sensing Letters},
  year=2017,
  volume=14,
  number=7,
  issue=7,
  pages={1086-1090},
}


@Article{yatong2017ieee,
  author={Yatong Zhou and Chaojun Shi and Hanming Chen and Jianyong Xie and Guoning Wu and Yangkang Chen},
  title = {Spike-like blending noise attenuation using structural low-rank decomposition},
  journal={IEEE Geoscience and Remote Sensing Letters},
  year=2017,
  volume=14,
  number=9,
  issue=9,
  pages={1633-1637},
}

@Article{liuwei2017,
  author={Wei Liu and Siyuan Cao and Z[] Wang and X[] Kong and Yangkang Chen},
  title = {Spectral decomposition for hydrocarbon detection based on VMD and Teager-Kaiser energy},
  journal={IEEE Geoscience and Remote Sensing Letters},
  year=2017,
  volume=14,
  issue=4,
  number=4,
  pages={539-543},
}
@Article{candes20061,
  author={E[] J[] Cand\`{e}s and L[] Demanet and D[] L[] Donoho and L[] Ying},
  title={Fast discrete curvelet transforms},
  journal={SIAM, Multiscale Modeling and Simulation},
  year=2006,
  Volume=5,
  pages={861-899},
}


@Article{zhangdong2017,
  author={Dong Zhang and Yatong Zhou and Hanming Chen and Wei Chen and Shaohuan Zu and  and Yangkang Chen},
  title = {Hybrid rank-sparsity constraint model for simultaneous reconstruction and denoising of 3{D} seismic data},
  journal={Geophysics},
  year=2017,
  volume=82,
  number=5,
  issue=5,
  pages={V351-V367},
}

@article{li2018multidimensional,
  title={Multidimensional Seismic Data Reconstruction Using Frequency-Domain Adaptive Prediction-Error Filter},
  author={Li, Chao and Liu, Guochang and Hao, Zhenjiang and Zu, Shaohuan and Mi, Fang and Chen, Xiaohong},
  journal={IEEE Transactions on Geoscience and Remote Sensing},
  volume={56},
  number={4},
  issue=4,
  pages={2328--2336},
  year={2018},
  publisher={IEEE}
}

@article{guochang2018weighted,
  title={Weighted Multisteps Adaptive Autoregression for Seismic Image Denoising},
  author={Liu, Guochang and Liu, Yang and Li, Chao and Chen, Xiaohong},
  journal={IEEE Geoscience and Remote Sensing Letters},
  volume={15},
  number={9},
  issue=9,
  pages={1342--1346},
  year={2018},
  publisher={IEEE}
}


@Article{chenwei2017emd,
  author={Wei Chen and J[] Xie and S[] Zu and S[] Gan and Yangkang Chen},
  title = {Multiple reflections noise attenuation using adaptive randomized-order empirical mode decomposition},
  journal={IEEE Geoscience and Remote Sensing Letters},
  year=2017,
  volume=14,
  number=1,
  issue=1,
  pages={18-22},
}

@Article{yaru2016dblend,
  author={Yaru Xue and Fanglan Chang and Dong Zhang and Yangkang Chen},
  title = {Simultaneous Sources Separation via an Iterative Rank-Increasing Method},
  journal={IEEE Geoscience and Remote Sensing Letters},
  year=2016,
  volume=13,
  number=12,
  issue=12,
  pages={1915 - 1919},
}



@Article{liuwei2016dealiase,
  author={Wei Liu and Siyuan Cao and Shuwei Gan and Yangkang Chen and Shaohuan Zu and Zhaoyu Jin},
  title = {One-Step Slope Estimation for Dealiased Seismic Data Reconstruction via Iterative Seislet Thresholding},
  journal={IEEE Geoscience and Remote Sensing Letters},
  year=2016,
  volume=13,
  issue=10,
  pages={1462-1466},
}

@Article{shaohuan2016gap,
  author={Shaohuan Zu and Hui Zhou and Yangkang Chen and Xiao Pan and Shuwei Gan and Dong Zhang},
  title = {Interpolating Big Gaps Using Inversion With Slope Constraint},
  journal={IEEE Geoscience and Remote Sensing Letters},
  year=2016,
  volume=13,
  issue=9,
  pages={1369-1373},
}

@Article{shuwei20163,
  author={S[] Gan and Shoudong Wang and Yangkang Chen and Xiaohong Chen},
  title = {Simultaneous-Source Separation Using Iterative Seislet-Frame Thresholding},
  journal={IEEE Geoscience and Remote Sensing Letters},
  year=2016,
  volume=13,
  issue=2,
  number=2,
  pages={197-201},
}

@article{eckart1936approximation,
  title={The approximation of one matrix by another of lower rank},
  author={Eckart, Carl and Young, Gale},
  journal={Psychometrika},
  volume={1},
  number={3},
  pages={211--218},
  year={1936},
  publisher={Springer}
}

@Article{yangkang2016wfshape,
  author={Yangkang Chen and Zhaoyu Jin},
  title = {Simultaneously removing noise and increasing resolution of seismic data using waveform shaping},
  journal={IEEE Geoscience and Remote Sensing Letters},
  year=2015,
  volume=13,
  issue=1,
  pages={102-104},
}

@Article{liuwei2016ewt,
  author={W. Liu and S. Cao and Y. Chen},
  title = {Seismic Time-frequency Analysis via Empirical Wavelet Transform
},
  journal={IEEE Geoscience and Remote Sensing Letters},
  year=2016,
  volume=13,
  pages={28-32},
}

@Article{yangkang2015dbortho,
  author={Yangkang Chen},
  title = {Iterative deblending with multiple constraints based on shaping regularization},
  journal={IEEE Geoscience and Remote Sensing Letters},
  year=2015,
  volume=12,
  pages={2247-2251},
}

@Article{yangkang2019nc,
  author={Yangkang Chen and Min Bai and Yunfeng Chen},
  title = {Obtaining free {USA}rray data by multi-dimensional seismic reconstruction},
  journal={Nature Communications},
  year=2019,
  volume=10,
  number=1,
  issue=1,
  pages={4434},
  doi={10.1038/s41467-019-12405-0},
}

@Article{shucai2020,
  author={Shucai Li and Bin Liu and Yuxiao Ren and Yangkang Chen and Senlin Yang and Yunhai Wang and Peng Jiang},
  title = {Deep learning Inversion of Seismic Data},
  journal={IEEE Transactions on Geoscience and Remote Sensing},
  year=2020,
  volume=58,
  number=3,
  issue=3,
  pages={2135-2149},
  doi={10.1109/TGRS.2019.2953473},
}


@Article{weilin2017dlsp,
  author={Weilin Huang and Runqiu Wang and Xiaohong Chen and Yangkang Chen},
  title = {Double least squares projections method for signal estimation},
  journal={IEEE Transactions on Geoscience and Remote Sensing},
  year=2017,
  volume=55,
  number=7,
  issue=7,
  pages={4111-4129},
}


@Article{yangkang2015orthogroll,
  author={Yangkang Chen and Shebao Jiao and Jianwei Ma and Hanming Chen and Yatong Zhou and Shuwei Gan},
  title = {Ground-Roll Noise Attenuation Using a Simple and Effective Approach Based on Local Band-Limited Orthogonalization},
  journal={IEEE Geoscience and Remote Sensing Letters},
  year=2015,
  volume=12,
  pages={2316-2320},
}

@Article{shuwei20153,
  author={S[] Gan and Shoudong Wang and Yangkang Chen and Yizhuo Zhang and Zhaoyu Jin},
  title = {Dealiased Seismic Data Interpolation Using Seislet Transform With Low-Frequency Constraint},
  journal={IEEE Geoscience and Remote Sensing Letters},
  year=2015,
  volume=12,
  issue=10,
  number=10,
  pages={2150-2154},
}









