@Article{berkovitch09,
author = {Alex Berkovitch and Igor Belfer and Yehuda Hassin and Evgeny Landa},
title = {Diffraction imaging by multifocusing},
year = {2009},
journal = {Geophysics},
volume = {74},
pages = {WCA75-WCA81},
}

@inproceedings{burnett11,
AUTHOR = {W[] Burnett and S[] Fomel and R[] Bansal},
TITLE = {Diffraction velocity analysis by path-itegral seismic imaging},
YEAR = {2011},
booktitle = {81st Annual International Meeting, SEG, Expanded Abstracts},
publisher={Society of Exploration Geophysicists},
PAGES = {3898-3902},
}

@article{burnett15,
  title={Seismic diffraction interpretation at {P}iceance {C}reek},
  author={Burnett, William A and Klokov, Alexander and Fomel, Sergey and Bansal, Rishidev and Liu, Enru and Jenkinson, Tim},
  journal={Interpretation},
  volume={3},
  number={1},
  pages={SF1--SF14},
  year={2015},
  publisher={Society of Exploration Geophysicists and American Association of Petroleum Geologists}
}

@article{chen2015random,
  title={Random noise attenuation using local signal-and-noise orthogonalization},
  author={Chen, Yangkang and Fomel, Sergey},
  journal={Geophysics},
  volume={80},
  number={6},
  pages={WD1--WD9},
  year={2015},
  publisher={Society of Exploration Geophysicists}
}

@inproceedings{decker2017enhancing,
  title={Enhancing seismic-diffraction images using semblance-weighted least-squares migration},
  author={Decker, Luke and Merzlikin, Dmitrii and Fomel, Sergey},
  booktitle = {87th Annual International Meeting, SEG, Expanded Abstracts},
  publisher={Society of Exploration Geophysicists},
  year={2017},
  organization={Society of Exploration Geophysicists},
  pages={5294--5299},
}

@article{dell11,
author = {Sergius Dell and Dirk Gajewski},
collaboration = {},
title = {Common-reflection-surface-based workflow for diffraction imaging},
publisher = {SEG},
year = {2011},
journal = {Geophysics},
volume = {76},
number = {5},
pages = {S187-S195},
keywords = {diffraction; velocity analysis; poststack; imaging},
}

@Article{fomel02,
author = {Sergey Fomel},
collaboration = {},
title = {Applications of plane-wave destruction filters},
publisher = {SEG},
year = {2002},
journal = {Geophysics},
volume = {67},
number = {6},
pages = {1946-1960},
keywords = {seismology; seismic waves; filters; imaging; signal processing; finite difference methods; parameter estimation},
url = {http://link.aip.org/link/?GPY/67/1946/1},
doi = {10.1190/1.1527095}
}

@ARTICLE{fomel_2003a,
        AUTHOR = {S[] Fomel},
        TITLE = {Velocity continuation and the anatomy of residual prestack time migration},
        JOURNAL = {Geophysics},
        VOLUME = {68},
        PAGES = {1650-1661},
        YEAR = {2003}
}

@article{fomel2007local,
  title={Local seismic attributes},
  author={Fomel, Sergey},
  journal={Geophysics},
  volume={72},
  number={3},
  pages={A29--A33},
  year={2007},
  publisher={Society of Exploration Geophysicists}
}

@article{fomel2007shaping,
  title={Shaping regularization in geophysical-estimation problems},
  author={Fomel, Sergey},
  journal={Geophysics},
  volume={72},
  number={2},
  pages={R29--R36},
  year={2007},
  publisher={Society of Exploration Geophysicists}
}

@inproceedings{fomel2008nonlinear,
author = {Sergey Fomel},
title = {Nonlinear shaping regularization in geophysical inverse problems},
booktitle = {78th Annual International Meeting, SEG, Expanded Abstracts},
publisher={Society of Exploration Geophysicists},
chapter = {},
pages = {2046-2051},
year = {2008},
}


@Article{fomel07,
author = {Sergey Fomel and Evgeny Landa and M. Turhan Taner},
collaboration = {},
title = {Poststack velocity analysis by separation and imaging of seismic diffractions},
publisher = {SEG},
year = {2007},
journal = {Geophysics},
volume = {72},
number = {6},
pages = {U89-U94},
keywords = {geophysical signal processing; seismic waves; seismology},
url = {http://link.aip.org/link/?GPY/72/U89/1},
doi = {10.1190/1.2781533}
}

@article{music,
author = {L[] Gelius and M[] Tygel and A[] K[] Takahata and E[] G[] Asgedom and D[] R[] Serrano},
collaboration = {},
title = {High-resolution imaging of diffractions -- {A} window-steered {M}{U}{S}{I}{C} approach},
publisher = {SEG},
year = {2013},
journal = {Geophysics},
volume = {78},
number = {6},
pages = {S255-S264},
}

@article{gonzalez2016migration,
  title={Migration velocity analysis using residual diffraction moveout: a real-data example},
  author={Gonzalez, Jaime AC and de Figueiredo, Jos{\'e} JS and Coimbra, Tiago A and Schleicher, J{\"o}rg and Novais, Am{\'e}lia},
  journal={Journal of Geophysics and Engineering},
  volume={13},
  number={4},
  pages={622-633},
  year={2016},
  publisher={IOP Publishing}
}

@article{harlan84,
author = {William S. Harlan and Jon F. Claerbout and Fabio Rocca},
collaboration = {},
title = {Signal/noise separation and velocity estimation},
publisher = {SEG},
year = {1984},
journal = {Geophysics},
volume = {49},
number = {11},
pages = {1869-1880},
url = {http://link.aip.org/link/?GPY/49/1869/1},
doi = {10.1190/1.1441600}
}

@article{huang14,
  title={Resolution limits for wave equation imaging},
  author={Huang, Yunsong and Schuster, Gerard T},
  journal={Journal of Applied Geophysics},
  volume={107},
  pages={137--148},
  year={2014},
  publisher={Elsevier}
}

@Article{kanasewich88,
author = {Ernest R. Kanasewich and Suhas M. Phadke},
collaboration = {},
title = {Imaging discontinuities on seismic sections},
publisher = {SEG},
year = {1988},
journal = {Geophysics},
volume = {53},
number = {3},
pages = {334-345},
url = {http://link.aip.org/link/?GPY/53/334/1},
doi = {10.1190/1.1442467}
}

@article{keys1998comparison,
  title={Comparison of seismic inversion methods on a single real data set},
  author={Keys, Robert G and Foster, Douglas John},
  year={1998},
  number={4},
  journal={Society of Exploration Geophysicists Press, Open file publications},
}

@Article{khaidukov04,
author = {V. Khaidukov and E. Landa and T. J. Moser},
collaboration = {},
title = {Diffraction imaging by focusing-defocusing: An outlook on seismic superresolution},
publisher = {SEG},
year = {2004},
journal = {Geophysics},
volume = {69},
number = {6},
pages = {1478-1490},
keywords = {seismic waves; seismology; faulting; image processing; geophysical signal processing},
url = {http://link.aip.org/link/?GPY/69/1478/1},
doi = {10.1190/1.1836821}
}

@Book{klem-musatov94,
author = {K[] Klem-Musatov},
title = {Theory of {S}eismic {D}iffractions},
publisher = {Society of Exploration Geophysicists (Edited by Hron F. Fronta and Larry Lines)},
year = {1994},	
}

@inproceedings{klokov2010separation,
  title={Separation and imaging of seismic diffractions in dip angle domain},
  author={Klokov, A and Baina, R and Landa, E},
  booktitle = {Expanded Abstracts 72nd EAGE International Conference},
  year={2010}
}

@inproceedings{klokov10b,
author = {Alexander Klokov and Reda Baina and Evgeny Landa and Pierre Thore and Issam Tarrass},
title = {Diffraction imaging for fracture detection: synthetic case study},
year = {2010},
booktitle = {80th Annual International Meeting, SEG, Expanded Abstracts},
publisher={Society of Exploration Geophysicists},
volume = {29},
number = {1},
pages = {3354-3358},
keywords = {diffraction; fractures; imaging; migration; Radon},
}

@inproceedings{klokov2012diffraction,
  title={Diffraction Imaging in the Dip-angle Domain--{V}iking {G}raben Case Study},
  author={Klokov, A and Fomel, S},
  booktitle = {Expanded Abstracts 74th EAGE International Conference},
  year={2012},
  pages={Y025}
}

@Article{klokov12,
author = {Alexander Klokov and Sergey Fomel},
collaboration = {},
title = {Separation and imaging of seismic diffractions using migrated dip-angle gathers},
publisher = {SEG},
year = {2012},
journal = {Geophysics},
volume = {77},
number = {6},
pages = {S131-S143}
}

@article{klokov2013selecting,
  title={Selecting an optimal aperture in {K}irchhoff migration using dip-angle images},
  author={Klokov, Alexander and Fomel, Sergey},
  journal={Geophysics},
  volume={78},
  number={6},
  pages={S243--S254},
  year={2013},
  publisher={Society of Exploration Geophysicists}
}


@article{klokov2017integrated,
  title={Integrated Evaluation of {R}oseneath-{E}psilon-{M}urteree Formations, {C}ooper {B}asin, {A}ustralia to Develop an Optimal Approach for Sweet Spot Determination},
  author={Klokov, Alexander and Repnik, Alexander and Bochkarev, Vitaliy and Bochkarev, Anatoly},
  year={2017},
  journal={Unconventional Resources Technology Conference (URTEC), Article ID 2670605}
}

@article{koren2011full,
  title={Full-azimuth subsurface angle domain wavefield decomposition and imaging {P}art {I}: Directional and reflection image gathers},
  author={Koren, Zvi and Ravve, Igor},
  journal={Geophysics},
  volume={76},
  number={1},
  pages={S1--S13},
  year={2011},
  publisher={Society of Exploration Geophysicists}
}

@inproceedings{kozlov04,
author = {Evgenii Kozlov and Nikolai Barasky and Evgenii Korolev and Alexander Antonenko and Evgenii Koshchuk},
title = {Imaging scattering objects masked by specular reflections},
year = {2004},
booktitle = {74th Annual International Meeting, SEG, Expanded Abstracts},
publisher={Society of Exploration Geophysicists},
pages = {1131-1134},
}


@inproceedings{landa2012seismic,
  title={Seismic diffraction: where's the value?},
  author={Landa, Evgeny},
  booktitle = {82nd Annual International Meeting, SEG, Expanded Abstracts},
  publisher={Society of Exploration Geophysicists},
  year={2012},
  organization={Society of Exploration Geophysicists},
  pages={1-4}
}

@ARTICLE{landa06,
        AUTHOR = {E[] Landa and S[] Fomel and T[] J[] Moser},
        TITLE = {Path-integral seismic imaging},
        JOURNAL = {Geophysical Prospecting},
        PAGES = {491-503},
        VOLUME = {54},
        YEAR = {2006}
}

@ARTICLE{landa98,
        AUTHOR = {E[] Landa and S[] Keydar},
        TITLE = {Seismic monitoring of diffraction images for detection of local heterogeneities},
        JOURNAL = {Geophysics},
        PAGES = {1093-1100},
        YEAR = {1998},
        VOLUME = {63},
        NUMBER = {3},
}

@inproceedings{merzlikin2016least,
  title={Least-squares path-integral diffraction imaging using sparsity constraints},
  author={Merzlikin, Dmitrii and Fomel, Sergey},
  booktitle = {86th Annual International Meeting, SEG, Expanded Abstracts},
  publisher={Society of Exploration Geophysicists},
  year={2016},
  organization={Society of Exploration Geophysicists},
  pages={4299--4304},
}

@article{merzlikin17,
author = {Dmitrii Merzlikin and Sergey Fomel},
title = {Analytical path-summation imaging of seismic diffractions},
journal = {Geophysics},
volume = {82},
number = {1},
pages = {S51-S59},
year = {2017},
doi = {10.1190/geo2016-0140.1},
URL = {http://library.seg.org/doi/abs/10.1190/geo2016-0140.1},
eprint = {http://library.seg.org/doi/pdf/10.1190/geo2016-0140.1}
}

@article{merzlikin2017dps,
  title={Diffraction-based migration velocity analysis using double-path summation},
  author={Merzlikin, Dmitrii and Fomel, Sergey},
  booktitle={2017 SEG International Exposition and Annual Meeting},
  year={2017},
  organization={Society of Exploration Geophysicists}
}

@inproceedings{merzlikin2016diffraction,
  title={Diffraction imaging using azimuthal plane-wave destruction},
  author={Merzlikin, Dmitrii and Fomel, Sergey and Bona, Andrej},
  booktitle = {86th Annual International Meeting, SEG, Expanded Abstracts},
  publisher={Society of Exploration Geophysicists},
  pages={4288--4293},
  year={2016},
  publisher={Society of Exploration Geophysicists}
}

@inproceedings{merzlikin2018least,
author = { Dmitrii Merzlikin  and  Sergey Fomel  and  Xinming Wu },
title = {Least-squares diffraction imaging using shaping regularization by anisotropic smoothing},
booktitle = {88th Annual International Meeting, SEG, Expanded Abstracts},
publisher={Society of Exploration Geophysicists},
chapter = {},
pages = {4326-4331},
year = {2018},
}

@article{merzlikin2017unconventional,
  title={Unconventional Reservoir Characterization Using Azimuthal Seismic Diffraction Imaging},
  author={Merzlikin, Dmitrii and Fomel, Sergey and Wu, Xinming and Phillips, Mason},
  year={2017},
  journal={Unconventional Resources Technology Conference (URTEC), Article ID 2695232}
}


@inproceedings{moser2011edge,
  title={Edge and tip diffraction imaging in three dimensions},
  author={Moser, TJ},
  booktitle = {Expanded Abstracts 73rd EAGE International Conference},
  year={2011},
  pages={B020}
}

@Article{moser08,
author = {T[] J[] Moser and C[] B[] Howard},
title = {Diffraction imaging in depth},
year = {2008},
journal = {Geophysical Prospecting},
volume = {56},
number = {5},
pages = {627-641},
}

@ARTICLE{Nemeth99,
        AUTHOR = {T[] Nemeth and C[] Wu and G[] T[] Schuster},
        TITLE = {Least-squares migration of incomplete reflection data},
        JOURNAL = {Geophysics},
        VOLUME = {64},
        PAGES = {208-221},
        NUMBER = {1},
        YEAR = {1999}
}

@inproceedings{novais06,
        AUTHOR = {A[] Novais and J[] Costa and J[] Schleicher},
        TITLE = {Velocity determination by image-wave remigration},
        booktitle = {Expanded Abstracts 73rd EAGE International Conference},
        PAGES = {P157-1-4},
        YEAR = {2006}
}

@ARTICLE{papziner98,
        AUTHOR = {U[] Papziner and Klaus-Peter Nick},
        TITLE = {Automatic detection of hyperbolas in georadargrams by slant-stack processing and migration},
        JOURNAL = {First Break},
        PAGES = {219-223},
        YEAR = {1998},
        VOLUME = {16},
        NUMBER = {6},
}

@ARTICLE{mihai15,
        AUTHOR = {A[] M[] Popovici and I[] Sturzu and T[] J[] Moser},
        TITLE = {High resolution diffraction imaging of small scale fractures in shale and carbonate reservoirs},
        JOURNAL = {14th International Congress of the Brazilian Geophysical Society},
        YEAR = {2015},
        PUBLISHER = {Sociedade Brasileira de Geofisica},
        PAGES={H1-2-6} 
}

@inproceedings{rad14,
  title={Common reflection surface ({C}{R}{S}) based pre-stack diffraction separation},
  author={Rad, Parsa Bakhtiari and Schwarz, Benjamin and Vanelle, Claudia and Gajewski, Dirk},
  booktitle = {84th Annual International Meeting, SEG, Expanded Abstracts},
  publisher={Society of Exploration Geophysicists},
  pages={4208--4212},
  year={2014},
  publisher={Society of Exploration Geophysicists}
}

@Article{reshef09,
author = {Moshe Reshef and Evgeny Landa},
collaboration = {},
title = {Post-stack velocity analysis in the dip-angle domain using diffractions},
publisher = {SEG},
year = {2009},
journal = {Geophysical Prospecting},
volume = {57},
number = {5},
pages = {811-821}
}

@article{ronen2000least,
  title={Least-squares {D}{M}{O} and migration},
  author={Ronen, Shuki and Liner, Christopher L},
  journal={Geophysics},
  volume={65},
  number={5},
  pages={1364--1371},
  year={2000},
  publisher={Society of Exploration Geophysicists}
}

@inproceedings{taner06,
author = {M. Turhan Taner and Sergey Fomel and Evgeny Landa},
title = {Separation and imaging of seismic diffractions using plane-wave decomposition},
publisher = {SEG},
year = {2006},
booktitle = {76th Annual International Meeting, SEG, Expanded Abstracts},
publisher={Society of Exploration Geophysicists},
volume = {25},
pages = {2401-2405},
doi = {10.1190/1.2370017}
}

@Article{tsingas11,
author = {Constantine Tsingas and Bouchaib El Marhfoul and Sara Satti and Abdulfattah Dajani},
collaboration = {},
title = {Diffraction imaging as an interpretation tool},
publisher = {EAGE},
year = {2011},
journal = {First Break},
volume = {29},
number = {12},
pages = {57-61},
}

@article{tyiasning2016comparison,
  title={A comparison of diffraction imaging to incoherence and curvature},
  author={Tyiasning, Stephanie and Merzlikin, Dmitrii and Cooke, Dennis and Fomel, Sergey},
  journal={The Leading Edge},
  volume={35},
  number={1},
  pages={86--89},
  year={2016},
  publisher={Society of Exploration Geophysicists}
}

@article{yu2017seismic,
  title={Seismic detection method for small-scale discontinuities based on dictionary learning and sparse representation},
  author={Yu, Caixia and Zhao, Jingtao and Wang, Yanfei},
  journal={Journal of Applied Geophysics},
  volume={137},
  pages={55--62},
  year={2017},
  publisher={Elsevier}
}

@article{yu2016sparse,
  title={Sparse diffraction imaging method using an adaptive reweighting homotopy algorithm},
  author={Yu, Caixia and Zhao, Jingtao and Wang, Yanfei and Qiu, Zhen},
  journal={Journal of Geophysics and Engineering},
  volume={14},
  number={1},
  pages={26--40},
  year={2016},
  publisher={IOP Publishing}
}

@article{yu2016separation,
  title={Separation and imaging diffractions by a sparsity-promoting model and subspace trust-region algorithm},
  author={Yu, Caixia and Zhao, Jingtao and Wang, Yanfei and Wang, Chengxiang and Geng, Weifeng},
  journal={Geophysical Journal International},
  volume={208},
  number={3},
  pages={1756--1763},
  year={2017},
  publisher={Oxford University Press}
}

@article{merzlikin2017diffraction,
  title={Diffraction imaging of high-resolution 3{D} {P}-cable data from the {G}ulf of {M}exico using azimuthal plane-wave destruction},
  author={Merzlikin, Dmitrii and Meckel, Timothy A and Fomel, Sergey and Sripanich, Yanadet},
  journal={First Break},
  volume={35},
  number={2},
  pages={35--41},
  year={2017}
}
