@BOOK{aki,
  title = {Quantitative seismology},
  publisher = {W.H. Freeman \& Co},
  year = {1980},
  author = {K[] Aki and P[] G[] Richards}
}

@ARTICLE{virieux84,
  author = {J[] Virieux},
  title = {{SH}-wave propagation in heterogeneous media: {V}elocity-stress finite-difference method},
  journal = {Geophysics},
  year = {1984},
  volume = {49},
  issue = {11},
  pages = {1933-1942},
  doi = {doi: 10.1190/1.1441605}
}

@ARTICLE{virieux86,
  author = {J[] Virieux},
  title = {P-{SV} wave propagation in heterogeneous media: {V}elocity-stress finite-difference method},
  journal = {Geophysics},
  year = {1986},
  volume = {51},
  issue = {4},
  pages = {889-901},
  doi = {doi: 10.1190/1.1442147}
}

@ARTICLE{levander88,
  author = {A[] Levander},
  title = {Fourth--order finite--difference {P-SV} seismograms},
  journal = {Geophysics},
  year = {1988},
  volume = {53},
  issue = {11},
  pages = {1425-1436},
  doi = {10.1190/1.1442422}
}

@ARTICLE{kosloff84,
  author = {D[an] Kosloff and M[oshe] Reshef and D[an] Loewenthal},
  title = {Elastic wave calculations by the {F}ourier method},
  journal = {Bulletin of the Seismological Society of America},
  year = {1984},
  volume = {74},
  issue = {3},
  pages = {875-891}
}

@ARTICLE{reshef88,
  author = {M[oshe] Reshef and D[an] Kosloff and M[ickey] Edwards and C[hris] Hsiung},
  title = {Three-dimensional elastic modeling by the {F}ourier method},
  journal = {Geophysics},
  year = {1988},
  volume = {53},
  issue = {9},
  pages = {1184-1193},
  doi = {10.1190/1.1442558}
}

@ARTICLE{etgen87,
  author = {J[] T[] Etgen},
  title = {Finite-difference elastic anisotropic wave propagation},
  journal = {Stanford Exploration Project Report},
  year = {1987},
  volume = {56},
  pages = {23-58}
}

@INPROCEEDINGS{crase90,
  author = {E[] Crase},
  title = {High-order (space and time) finite-difference modeling of the elastic wave equation},
  booktitle = {60th Annual International Meeting, SEG, Expanded Abstracts},
  year = {1990},
  pages = {987-991}
}

@ARTICLE{dablain86,
  author = {M[] A[] Dablain},
  title = {The application of high-order differencing to the scalar wave equation},
  journal = {Geophysics},
  year = {1986},
  volume = {51},
  pages = {54-66},
  doi = {10.1190/1.1442040}
}

@Article{joejohn,
  author={Joe Dellinger and John Etgen},
  title={Wave-field separation in two-dimensional anisotropic media},
  journal={Geophysics},
  volume=55, 
  year=1990,
  issue=7,
  pages={914-919}
}

@phdthesis{joethesis,
  author={Joe A. Dellinger},
  title={Anisotropic {S}eismic {W}ave {P}ropagation},
  school={Stanford {U}niversity},
  year=1991
}

@phdthesis{chuthesis,
  author={Chunlei Chu},
  title={Seismic modeling and imaging with the {F}ourier method},
  school={The {U}niversity of {T}exas at {A}ustin},
  year=2009
}

@ARTICLE{rite,
  author = {X[] Du and P[] J[] Fowler and R[] P[] Fletcher},
  title = {Recursive integral time-extrapolation methods for waves: {A} comparative review},
  journal = {Geophysics},
  year = {2014},
  volume = {79},
  issue = {1},
  publisher = {SEG},
  pages = {T9-T26}
}

@inproceedings{etgen09,
    author = {J[] Etgen and S[] Brandsberg-Dahl},
    year = 2009,
    title = {The pseudo-analytical method: application of {pseudo-Laplacians} to acoustic and acoustic anisotropic wave propagation},
    booktitle = {79th Annual International Meeting, SEG, Expanded Abstracts},
    pages = {2552-2556}
}

@INPROCEEDINGS{chu10,
  author = {Chunlei Chu and Paul L. Stoffa},
  title = {Acoustic anisotropic wave modeling using normalized {pseudo-Laplacian}},
  booktitle = {80th Annual International Meeting, SEG, Expanded Abstracts},
  year = {2010},
  pages = {2972-2976},
  doi = {10.1190/1.3513463}
}

@ARTICLE{zhang09,
  author = {Y[] Zhang and G[] Zhang},
  title = {One-step extrapolation method for reverse time migration},
  journal = {Geophysics},
  year = {2009},
  volume = {74},
  issue = {4},
  publisher = {SEG},
  pages = {A29-A33}
}

@ARTICLE{pestana10,
  author = {R[] C[] Pestana and P[] L[] Stoffa},
  title = {Time evolution of the wave equation using rapid expansion method},
  journal = {Geophysics},
  year = {2010},
  volume = {75},
  issue = {4},
  publisher = {SEG},
  pages = {T121-T131}
}

@article{lowrank,
  AUTHOR = {S[] Fomel and L[] Ying and X[] Song},
  TITLE = {Seismic wave extrapolation using lowrank symbol approximation},
  JOURNAL = {Geophysical Prospecting},
  YEAR = {2013},
  volume = {61},
  issue = {3},
  pages = {526-536},
  DOI = {10.1111/j.1365-2478.2012.01064.x}
}

@ARTICLE{song13,
  author = {X[] Song and S[] Fomel and L[] Ying},
  title = {Lowrank finite-differences and lowrank {F}ourier finite-differences for seismic wave extrapolation},
  journal = {Geophysical Journal International},
  year = {2013},
  volume = 193,
  issue = 2,
  pages = {960-969},
  doi = {10.1093/gji/ggt017}
}

@ARTICLE{fang14,
  author ={G[] Fang and S[] Fomel and Q[] Du and J[] Hu},
  title = {Lowrank seismic wave extrapolation on a staggered grid},
  journal = {Geophysics},
  year = {2014},
  volume = {79},
  issue = {3},
  pages = {T157-T168}
}

@Article{me15b,
  author={J[] Sun and S[] Fomel and L[] Ying},
  title={Lowrank one-step wave extrapolation for reverse-time migration},
  journal = {Geophysics},
  year = {2016},
  pages = {S39-S54},
  volume = {81},
  issue = {1},
  doi = {10.1190/geo2015-0183.1}
}

@Article{tabei02,
  author = {M[] Tabei and T[] D[] Mast and R[] C[] Waag},
  title = {A k-space method for coupled first-order acoustic propagation equations}, 
  journal = {The Journal of the Acoustical Society of America},
  year = 2002,
  volume = 111,
  issue = 1,
  pages = {53-63}
}

@ARTICLE{firouzi12,
  author = {K. Firouzi and B. T. Cox and B. E. Treeby and N. Saffari},
  title = {A first-order k-space model for elastic wave propagation in heterogeneous media},
  journal = {The Journal of the Acoustical Society of America},
  year = {2012},
  volume = {132},
  issue = {},
  pages = {1271-1283},
  doi = {http://dx.doi.org/10.1121/1.4730897}
}

@article{liu95,
   author = {Qing-Huo Liu},
   title = {Generalization of the {k-space} formulation to elastodynamic scattering problems},
   journal = {The Journal of the Acoustical Society of America},
   year = {1995},
   volume = {97},
   issue = {3}, 
   pages = {1373-1379},
   doi = {http://dx.doi.org/10.1121/1.412079} 
}


@ARTICLE{chu11,
  author = {Chunlei Chu and Paul L. Stoffa},
  title = {Application of normalized pseudo-{L}aplacian to elastic wave modeling on staggered grids},
  journal = {Geophysics},
  year = {2011},
  volume = {76},
  issue = {5},
  pages = {T113-T121},
  doi = {10.1190/geo2011-0069.1}
}

@Article{candes,
  author={Emmanuel Candes and Laurent Demanet and Lexing Ying},
  title={Fast computation of {F}ourier integral operators},
  journal={{SIAM} {J}ournal of {S}cientific {C}omputing},
  volume=29, 
  year=2007,
  pages={2464-2493}
}

@Article{yaniso,
  author={Jia Yan and Paul Sava},
  title={Isotropic angle-domain elastic reverse-time migration},
  journal={Geophysics},
  volume=73, 
  year=2008,
  issue=6,
  pages={8229-8239}
}

@Article{yanvti,
  author={Jia Yan and Paul Sava},
  title={Elastic wave-mode separation for {VTI} media},
  journal={Geophysics},
  volume=74, 
  year=2009,
  issue=5,
  pages={WB19-WB32}
}

@Article{zm,
  author={Qunshan Zhang and George A[] Mc{M}echan},
  title={2{D} and 3{D} elastic wavefield vector decomposition in the wavenumber domain for {VTI} media},
  journal={Geophysics},
  volume=75, 
  year=2010,
  issue=3,
  pages={D13-D26}
}

@Article{yanpspi,
  author={Jia Yan and Paul Sava},
  title={Improving the efficiency of elastic wave-mode separation for heterogeneous tilted transverse isotropic media},
  journal={Geophysics},
  volume=76, 
  year=2011,
  issue=4,
  pages={T65-T78}
}

@Article{yantti,
  author={Jia Yan and Paul Sava},
  title={Elastic wave mode separation for tilted transverse isotropic media},
  journal={Geophysical Prospecting},
  volume=60, 
  year=2012,
  pages={29-48}
}

@Article{fomellr,
  author={Sergey Fomel and Lexing Ying and Xiaolei Song},
  title={Seismic wave extrapolation using low rank symbol approximation},
  journal={Geophysical Prospecting},
  volume=52, 
  year=2013,
  pages={526-536}
}

@Article{chengfomel,
  author={Jiubing Cheng and Sergey Fomel},
  title={Fast algorithms for elastic-wave-mode separation and vector decomposition using low-rank approximation for anisotropic media},
  journal={Geophysics},
  volume=79, 
  year=2014,
  issue=4,
  pages={C97-C110}
}

@INPROCEEDINGS{sripanich15,
  author = {Yanadet Sripanich and Sergey Fomel and Junzhe Sun and Jiubing Cheng},
  title = {Elastic wave-vector decomposition in orthorhombic media},
  booktitle = {85th Annual International Meeting, SEG, Expanded Abstracts},
  year = {2015},
  pages = {498-503}
}

@INPROCEEDINGS{hou14,
  author = {Sian Hou and Qizhen Du and Gang Fang},
  title = {Elastic wavefield extrapolation based on wavefield vector decomposition and lowrank decomposition},
  booktitle = {84th Annual International Meeting, SEG, Expanded Abstracts},
  year = {2014},
  pages = {3411-3416}
}

@INPROCEEDINGS{cheng14,
  author = {Jiubing Cheng and Zedong Wu and Tariq Alkhalifah},
  title = {Simulating propagation of decomposed elastic waves using low-rank approximate mixed-domain integral operators for heterogeneous transversely isotropic media},
  booktitle = {84th Annual International Meeting, SEG, Expanded Abstracts},
  year = {2014},
  pages = {3393-3399}
}


@article{cheng16,
author = {Jiubing Cheng and Tariq Alkhalifah and Zedong Wu and Peng Zou and Chenlong Wang},
title = {Simulating propagation of decoupled elastic waves using low-rank approximate mixed-domain integral operators for anisotropic media},
journal = {Geophysics},
volume = {81},
issue = {2},
pages = {T63-T77},
year = {2016},
doi = {10.1190/geo2015-0184.1}
}

@INPROCEEDINGS{shen15,
  author = {Peng Shen and Uwe Albertin},
  title = {Up-Down Separation Using {H}ilbert Transformed Source for Causal Imaging Condition},
  booktitle = {85th Annual International Meeting, SEG, Expanded Abstracts},
  year = {2015},
  pages = {4175-4179}
}

@ARTICLE{hu16,
  author = {Jiangtao Hu and Huazhong Wang and Xiongwen Wang},
  title = {Angle gathers from reverse time migration using analytic wavefield propagation and decomposition in the time domain},
  journal = {Geophysics},
  year = {2016},
  volume = {81},
  issue = {1},
  pages = {S1-S9},
  doi = {10.1190/geo2015-0050.1}
}
@ARTICLE{liu09,
    author = {Yang Liu and Mrinal K[] Sen},
    title = {An implicit staggered-grid finite-difference method for seismic modelling},
    journal = {Geophysical Journal International},
    volume = {179},
    issue = {1},
    pages = {459-474},
    year = {2009},
    doi = {10.1111/j.1365-246X.2009.04305.x}
}

@ARTICLE{mah03,
author = {Marko Mah and Douglas R[] Schmitt},
title = {Determination of the complete elastic stiffnesses from ultrasonic phase velocity measurements},
journal = {Journal of Geophysical Research: Solid Earth},
volume = {108},
issue = {B1},
doi = {10.1029/2001JB001586},
pages = {ECV 6-1--ECV 6-11},
year = {2003}
}

@ARTICLE{schoenberg97,
  author = {M[] Schoenberg and K[] Helbig},
  title = {Orthorhombic media: Modeling elastic wave behavior in a vertically fractured earth},
  journal = {Geophysics},
  year = {1997},
  volume = {62},
  issue = {6},
  publisher = {SEG},
  pages = {1954-1974},
  doi = {10.1190/1.1444297}
}

@ARTICLE{denes14,
author = {Denes Vigh and Kun Jiao and Dave Watts and Dong Sun},
title = {Elastic full-waveform inversion application using multicomponent measurements of seismic data collection},
journal = {Geophysics},
volume = {79},
issue = {2},
pages = {R63-R77},
year = {2014},
doi = {10.1190/geo2013-0055.1}
}


@article{warner13,
author = {Michael Warner and Andrew Ratcliffe and Tenice Nangoo and Joanna Morgan and Adrian Umpleby and Nikhil Shah and Vetle Vinje and Ivan {\v S}tekl and Llu{\' i}s Guasch and Caroline Win and Graham Conroy and Alexandre Bertrand},
title = {Anisotropic 3D full-waveform inversion},
journal = {Geophysics},
volume = {78},
issue = {2},
pages = {R59-R80},
year = {2013},
doi = {10.1190/geo2012-0338.1}
}

@ARTICLE{kosloff87,
    author = {Dan Kosloff and David Kessler},
    title = {Accurate depth migration by a generalized phase--shift method},
    journal = {Geophysics},
    volume = {52},
    issue = {8},
    pages = {1074-1084},
    year = {1987},
    doi = {10.1190/1.1442373}
}

@ARTICLE{,
  author = {},
  title = {},
  journal = {Geophysics},
  year = {},
  volume = {},
  issue = {},
  pages = {},
  doi = {}
}

@INPROCEEDINGS{,
  author = {},
  title = {},
  booktitle = {th Annual International Meeting, SEG, Expanded Abstracts},
  year = {},
  pages = {}
}


@ARTICLE{bickel85,
  author = {S[] H[] Bickel and R[] R[] Natarajan},
  title = {Plane-wave Q deconvolution},
  journal = {Geophysics},
  year = {1985},
  volume = {50},
  pages = {1426-1439},
  doi = {10.1190/1.1442011}
}

@ARTICLE{hargreaves91,
  author = {N[] D[] Hargreaves and A[] J[] Calvert},
  title = {Inverse {Q} filtering by {F}ourier transform},
  journal = {Geophysics},
  year = {1991},
  volume = {56},
  pages = {519-527},
  doi = {10.1190/1.1443067}
}


@ARTICLE{wang02,
  author = {Y[] Wang},
  title = {A stable and efficient approach of inverse Q filtering},
  journal = {Geophysics},
  year = {2002},
  volume = {67},
  pages = {657-663},
  doi = {10.1190/1.1468627}
}

@inproceedings{xie09,
  AUTHOR = {Y[] Xie and K[] Xin nad J[] Sun and C[] Notfors and A[] Biswal and M[] Balasubramaniam},
  TITLE = {3{D} prestack depth migration with compensation for frequency dependent absorption and dispersion},
  booktitle = {79th Annual International Meeting, SEG, Expanded Abstracts},
  year = {2009},
  pages = {2919-2923}
}

@inproceedings{xin08,
  AUTHOR = {K[] Xin and B[] Hung and S[] Birdus and J[] Sun},
  TITLE = {3D tomographic amplitude inversion for compensating amplitude attenuation in the overburden},
  booktitle = {78th Annual International Meeting, SEG, Expanded Abstracts},
  year = {2008},
  pages = {3239-3243}
}

@INPROCEEDINGS{dai94,
  author = {N[] Dai and G[] F[] West},
  title = {Inverse {Q} migration},
  booktitle = {64th Annual International Meeting, SEG, Expanded Abstracts},
  year = {1994},
  pages = {1418-1421}
}

@ARTICLE{mittet95,
  author = {R[] Mittet and R[] Sollie and K[] Hokstad},
  title = {Prestack depth migration with compensation for absorption and dispersion},
  journal = {Geophysics},
  year = {1995},
  volume = {60},
  pages = {1485-1494},
  doi = {10.1190/1.1443882}
}

@INPROCEEDINGS{yu02,
  author = {Y[] Yu and R[] S[] Lu and M[] D[] Deal},
  title = {Compensation for the effects of shallow gas attenuation with viscoacoustic wave-equation migration},
  booktitle = {72nd Annual International Meeting, SEG, Expanded Abstracts},
  year = {2002},
  pages = {2062-2065}
}

@ARTICLE{zhang02,
  author = {J[] Zhang and K[] Wapenaar},
  title = {Wavefield extrapolation and prestack depth migration in anelastic inhomogeneous media},
  journal = {Geophysical Prospecting},
  year = {2002},
  volume = {50},
  pages = {629-643},
  doi = {10.1046/j.1365-2478.2002.00342.x}
}

@ARTICLE{mittet07,
  author = {R[] Mittet},
  title = {A simple design procedure for depth extrapolation operators that compensate for absorption and dispersion},
  journal = {Geophysics},
  year = {2007},
  volume = {72},
  issue = {2},
  pages = {S105-S112},
  doi = {10.1190/1.2431637.}
}

@ARTICLE{wang08,
  author = {Y[] Wang},
  title = {Inverse {Q}-filtered migration},
  journal = {Geophysics},
  year = {2008},
  volume = {73},
  issue = {1},
  pages = {S1-S6},
  doi = {10.1190/1.2806924}
}

@INPROCEEDINGS{Valenciano11,
  author = {A[] Valenciano and N[] Chemingui and D[] Whitmore and S[] Brandsberg-Dahl},
  title = {Wave equation migration with attenuation and anisotropy compensation},
  booktitle = {81st Annual International Meeting, SEG, Expanded Abstracts},
  year = {2011},
  pages = {232-236}
}

@ARTICLE{zhang13,
  author = {J[] Zhang and J[] Wu and X[] Li},
  title = {Compensation for absorption and dispersion in prestack migration: An effective Q approach},
  journal = {Geophysics},
  year = {2013},
  volume = {78},
  issue = {1},
  pages = {S1-S14},
  doi = {10.1190/geo2012-0128}
}

@inproceedings{zhang10,
 author = {Y[] Zhang and P[] Zhang and H[] Zhang},
 year = {2010},
 title = {Compensating for viscoacoustic effects in reverse-time migration},
 booktitle = {80th Annual International Meeting, SEG, Expanded Abstracts},
 pages = {3160-3164}
}

@INPROCEEDINGS{suh12,
  author = {S[] Suh and K[] Yoon and J[] Cai and B[] Wang},
  title = {Compensating visco-acoustic effects in anisotropic resverse-time migration},
  booktitle = {82nd Annual International Meeting, SEG, Expanded Abstracts},
  year = {2012},
  pages = {1-5},
  doi = {10.1190/segam2012-1297.1}
}

@INPROCEEDINGS{bai13,
  author = {J[] Bai and G[] Chen and D[] Yingst and J[] Leveille},
  title = {Attenuation compensation in viscoacoustic reverse time migration},
  booktitle = {83rd Annual International Meeting, SEG, Expanded Abstracts},
  year = {2013},
  pages = {3825-3830}
}

@ARTICLE{zhu14a,
  author = {T[] Zhu and J[] M[] Harris},
  title = {Modeling acoustic wave propagation in heterogeneous attenuating media using decoupled fractional {L}aplacians},
  journal = {Geophysics},
  year = {2014},
  volume = {79},
  issue = {3},
  pages = {T105-T116},
  doi = {10.1190/GEO2013-0245.1}
}

@ARTICLE{zhu14b,
  author = {T[] Zhu and J[] M[] Harris and B[] Biondi},
  title = {Q-compensated reverse-time migration},
  journal = {Geophysics},
  year = {2014},
  volume = {79},
  issue = {3},
  pages = {S77-S87},
  doi = {10.1190/geo2013-0344.1}
}

@ARTICLE{zhu14c,
  author = {T[] Zhu},
  title = {Time-reverse modelling of acoustic wave propagation in attenuating media},
  journal = {Geophysical Journal International},
  year = {2014},
  volume = {197},
  issue = {1},
  pages = {483-494},
  doi = {10.1093/gji/ggt519}
}

@ARTICLE{kja79,
  author = {E[] Kjartansson},
  title = {Constant-{Q} wave propagation and attenuation},
  journal = {Journal of Geophysical Research},
  year = {1979},
  volume = {84},
  pages = {4737-4748},
  doi = {10.1029/JB084iB09p04737}
}

@INPROCEEDINGS{fletcher12,
  author = {R[] Fletcher and D[] Nichols and M[] Cavalca},
  title = {Wavepath-consistent effective {Q} estimation for {Q}-compensated reverse time migration},
  booktitle = {82nd Annual EAGE Meeting, EAGE, Expanded Abstracts},
  year = {2012},
  pages = {A020}
}

@ARTICLE{dutta14,
  author = {G[] Dutta and G[] T[] Schuster},
  year = {2014},
  title = {Attenuation compensation for least-squares reverse time migration using the viscoacoustic-wave equation},
  journal = {Geophysics},
  volume = {79},
  issue = {6},
  publisher = {SEG},
  pages = {S251-S262}
}

@inproceedings{me13,
  AUTHOR = {J[unzhe] Sun and S[ergey] Fomel},
  TITLE = {Lowrank one-step wave extrapolation},
  booktitle =    {83rd Annual International Meeting, SEG, Expanded Abstracts},
  year =         {2013},
  pages = {3905-3910},
  doi = {http://dx.doi.org/10.1190/segam2013-1123.1}
}
                                                                                                               
@inproceedings{me14a,
  AUTHOR = {J[unzhe] Sun and S[ergey] Fomel and J[ingwei] Hu},
  TITLE = {One-step least-squares reverse-time migration using two-way wave extrapolation by non-stationary phase shift},
  booktitle={84th Annual International Meeting, SEG, Expanded Abstracts},
  year =         {2014},
  pages = {3967-3973}
}
                                                                                                               
@inproceedings{me14b,
  author={J[] Sun and T[] Zhu and S[] Fomel},
  title={Viscoacoustic modeling and imaging using low-rank approximation},
  booktitle={84th Annual International Meeting, SEG, Expanded Abstracts},
  year={2014},
  pages={3997-4002}                                                                                      
}

@Article{me15a,
  author={J[] Sun and T[] Zhu and S[] Fomel},
  title={Viscoacoustic modeling and imaging using low-rank approximation},
  journal = {Geophysics},
  year = {2015},
  volume = {80},
  issue = {5},
  pages = {A103-A108}
}

@Article{baysal83,
  author = 	 {E[dip] Baysal and D[an] D[] Kosloff and J[ohn] W[] C[] Sherwood},
  title = 	 {Reverse time migration},
  journal = {Geophysics},
  year = 	 1983,
  volume =	 48,
  pages =	 {1514-1524}
}

@Article{McMechan83,
  author = 	 {G[] A[]  McMechan},
  title = 	 {Migration by extrapolation of time-dependent boundary values},
  journal = 	 {Geophys. Prosp.},
  year = 	 1983,
  volume =	 31,
  pages =	 {413-420}
}

@inproceedings{whitmore83,
  AUTHOR = {N[] D[] Whitmore},
  TITLE = {Iterative depth migration by backward time propagation},
  booktitle={53rd Annual International Meeting, SEG, Expanded Abstracts},
  year = 	 {1983},
  pages =        {382-385}
}

@ARTICLE{tarantola84a,
  author = {A[] Tarantola},
  title = {Linearized inversion of seismic reflection data},
  journal = {Geophysical Prospecting},
  year = {1984},
  volume = {32},
  pages = {998-1015},
  doi = {10.1111/j.1365-2478.1984.tb00751.x}
}

@INPROCEEDINGS{lailly83,
  author = {P[] Lailly},
  title = {The seismic inverse problem as a sequence of before stack migrations},
  booktitle = {Proceedings of the Conference on Inverse Scattering: Theory and Applications},
  year = {1983},
  publisher = {SIAM},
  pages = {467-481}
}

@ARTICLE{ronen2000,
  author = {S[] Ronen and C[] L[] Liner},
  title = {Least-squares {DMO} and migration},
  journal = {Geophysics},
  year = {2000},
  volume = {65},
  issue = {5},
  publisher = {SEG},
  pages = {1364-1371}
}

@ARTICLE{nemeth99,
  author = {T[] Nemeth and C[] Wu and G[] Schuster},
  title = {Least-squares migration of incomplete reflection data},
  journal = {Geophysics},
  year = {1999},
  volume = {64},
  publisher = {SEG},
  pages = {208-221}
}

@ARTICLE{tang09,
  author = {Y[] Tang},
  title = {Target-oriented wave-equation least-squares migration/inversion with phase-encoded {H}essian},
  journal = {Geophysics},
  year = {2009},
  volume = {74},
  issue = {6},
  publisher = {SEG},
  pages = {WCA95-WCA107}
}

@ARTICLE{dai11,
  author = {W[] Dai and X[] Wang and G[] T[] Schuster},
  title = {Least-squares migration of multisource data with a deblurring filter},
  journal = {Geophysics},
  year = {2011},
  volume = {76},
  issue = {5},
  publisher = {SEG},
  pages = {135-146}
}

@INPROCEEDINGS{wong11,
  author = {M[] Wong and S[] Ronen and B[] Biondi},
  title = {Least-squares reverse time migration/inversion for ocean bottom data: A case study},
  booktitle = {81st Annual International Meeting, SEG, Expanded Abstracts},
  year = {2011},
  pages = {2369-2373}
}

@ARTICLE{dai12,
  author = {W[] Dai and P[] Fowler and G[] T[] Schuster},
  title = {Multi-source least-squares reverse time migration},
  journal = {Geophysical Prospecting},
  year = {2012},
  volume = {60},
  pages = {681-695},
  doi = {10.1111/j.1365-2478.2012.01092.x}
}

@ARTICLE{dai13,
  author = {W[] Dai and G[] Schuster},
  title = {Plane-wave least-squares reverse-time migration},
  journal = {Geophysics},
  year = {2013},
  volume = {78},
  issue = {4},
  pages = {S165-S177},
  doi = {10.1190/geo2012-0377.1}
}

@inproceedings{zhang13ls,
	author={Y[u] Zhang and L[] Duan and Y[] Xie},
	title={A stable and practical implementation of least-squares reverse time migration},
	booktitle={83rd Annual International Meeting, SEG, Expanded Abstracts},
	year=2013,
	pages={3716-3720}
}

@inproceedings{yujin,
	author={Y[] Liu and W[illiam] W[] Symes and Z[] Li},
	title={Multisource least-squares extended reverse-time migration with preconditioning guided gradient method},
	booktitle={83rd Annual International Meeting, SEG, Expanded Abstracts},
	year=2013,
	pages={3709-3715}
}

@inproceedings{xue14,
	author={Z[] Xue and Y[] Chen and S[] Fomel and J[] Sun},
	title={Imaging incomplete data and simultaneous-source data using least-squares reverse-time migration with shaping regularization},
	booktitle={84th Annual International Meeting, SEG, Expanded Abstracts},
	year=2014,
	pages={3991-3996}
}

@BOOK{iei,
  title = {Imaging the {E}arth's interior},
  publisher = {Blackwell Scientific Publications},
  year = {1985},
  author = {J[] F[] Claerbout}
}

@INPROCEEDINGS{cogan11,
  author = {M[] Cogan and R[] Fletcher and R[] King and D[] Nichols},
  title = {Normalization strategies for reverse-time migration},
  booktitle = {81st Annual International Meeting, SEG, Expanded Abstracts},
  year = {2011},
  pages = {3275-3279},
  doi = {10.1190/1.3627876}
}

@ARTICLE{plessix04,
  author = {R[] E[] Plessix and W[] A[] Mulder},
  title = {Frequency-domain finite-difference amplitude-preserving migration},
  journal = {Geophysical Journal International},
  year = {2004},
  volume = {157},
  issue = {3},
  pages = {975-987},
  doi = {10.1111/j.1365-246X.2004.02282.x}
}

@ARTICLE{rickett03,
  author = {J[] E[] Rickett},
  title = {Illumination-based normalization for wave-equation depth migration},
  journal = {Geophysics},
  year = {2003},
  volume = {68},
  issue = {4},
  pages = {1371-1379},
  doi = {10.1190/1.1598130}
}

@ARTICLE{rob94,
  author = {J[] O[] Robertsson and J[] O[] Blanch and W[] W[] Symes},
  title = {Viscoacoustic finite-difference modeling},
  journal = {Geophysics},
  year = {1994},
  volume = {59},
  publisher = {SEG},
  pages = {1444-1456}
}

@ARTICLE{blanch95,
  author = {J[] O[] Blanch and J[] O[] Robertsson and W[] W[] Symes},
  title = {Modeling of a constant q: methodology and algorithm for an efficient and optimally inexpensive viscoelastic technique},
  journal = {Geophysics},
  year = {1995},
  volume = {60},
  publisher = {SEG},
  pages = {176-184}
}

@INPROCEEDINGS{zhang12,
  author = {Y[] Zhang and L[] Duan},
  title = {Predicting multiples using a reverse time demigration},
  booktitle = {82nd Annual International Meeting, SEG, Expanded Abstracts},
  year = {2012},
  pages = {1-5},
  doi = {10.1190/segam2012-0520.1}
}

@BOOK{ipt,
  title = {Inverse problem theory: Methods for data fitting and model parameter estimation},
  publisher = {Elsevier Science Publ. Co., Inc.},
  year = {1987},
  author = {A[] Tarantola}
}

@ARTICLE{saad86,
  author = {Y[] Saad and M[] H[] Schultz},
  title = {{GMRES}: A generalized minimal residual algorithm for solving nonsymmetric linear systems},
  journal = {SIAM J. Sci. Stat. Comput.},
  year = {1986},
  volume = {7},
  issue = {3},
  pages = {856-869},
  doi = {10.1137/0907058}
}

@INPROCEEDINGS{bp2004,
  author = {F[] J[] Billette and S[] Brandsberg-Dahl}, 
  title = {The 2004 BP velocity benchmark},
  booktitle = {67th Annual EAGE Meeting, EAGE, Expanded Abstracts},
  year = {2004},
  pages = {B305}
}

@INPROCEEDINGS{lu10,
author = {Rongrong Lu and Jia Yan and Peter Traynin and John E. Anderson and Tom Dickens},
title = {Elastic {RTM}: anisotropic wave-mode separation and converted-wave polarization correction},
booktitle = {80th Annual International Meeting, SEG, Expanded Abstracts},
chapter = {621},
pages = {3171-3175},
year = {2010},
doi = {10.1190/1.3513505}
}

@inproceedings{bernth10,
author = {Henrik Bernth and Chris Chapman},
title = {A comparison of finite-difference grids for anisotropic elastic modelling},
booktitle = {80th Annual International Meeting, SEG, Expanded Abstracts},
year = {2010},
chapter = {572},
pages = {2916-2920},
doi = {10.1190/1.3513451},
URL = {http://library.seg.org/doi/abs/10.1190/1.3513451},
eprint = {http://library.seg.org/doi/pdf/10.1190/1.3513451}
}

@article{bernth11,
author = {Henrik Bernth and Chris Chapman},
title = {A comparison of the dispersion relations for anisotropic elastodynamic finite-difference grids},
journal = {Geophysics},
volume = {76},
issue = {3},
pages = {WA43-WA50},
year = {2011},
doi = {10.1190/1.3555530}
}

@book{psbook,
author = {Bengt Fornberg},
title = {A Practical Guide to Pseudospectral Methods}, 
publisher = {Cambridge University Press}, 
year = {1996},
isbn = {9780511626357}, 
note = {Cambridge Books Online}, 
url = {http://dx.doi.org/10.1017/CBO9780511626357}
}

@article {tal-ezer87,
author = {H[] Tal-Ezer and D[] Kosloff and Z[] Koren},
title = {An accurate scheme for seismic forward modelling},
journal = {Geophysical Prospecting},
volume = {35},
issue = {5},
publisher = {Blackwell Publishing Ltd},
issn = {1365-2478},
url = {http://dx.doi.org/10.1111/j.1365-2478.1987.tb00830.x},
doi = {10.1111/j.1365-2478.1987.tb00830.x},
pages = {479-490},
year = {1987}
}

@article{tal-ezer86,
author = {Hillel Tal-Ezer},
title = {Spectral Methods in Time for Hyperbolic Equations},
journal = {SIAM Journal on Numerical Analysis},
volume = {23},
issue = {1},
pages = {11-26},
year = {1986},
doi = {10.1137/0723002},
URL = {http://dx.doi.org/10.1137/0723002},
eprint = {http://dx.doi.org/10.1137/0723002}
}

@inproceedings{bleistein08,
    author = {Norman Bleistein and Yu Zhang and Guanquan Zhang},
    title = {Asymptotically true-amplitude one-way wave equations in t: modeling, migration and inversion},
    booktitle = {78th Annual International Meeting, SEG, Expanded Abstracts},
    year = {2008},
    pages = {2292-2296},
    doi = {10.1190/1.3059340},
    URL = {http://library.seg.org/doi/abs/10.1190/1.3059340},
    eprint = {http://library.seg.org/doi/pdf/10.1190/1.3059340}
}

@article{frenchmodel,
    author = {William S. French},
    title = {TWO-DIMENSIONAL AND THREE-DIMENSIONAL MIGRATION OF MODEL-EXPERIMENT REFLECTION PROFILES},
    journal = {Geophysics},
    volume = {39},
    issue = {3},
    pages = {265-277},
    year = {1974},
    doi = {10.1190/1.1440426},
    URL = { http://dx.doi.org/10.1190/1.1440426 },
    eprint = { http://dx.doi.org/10.1190/1.1440426 }
}

@article{zhu09,
    author = {Hejun Zhu and Yang Luo and Tarje Nissen-Meyer and Christina Morency and Jeroen Tromp},
    title = {Elastic imaging and time-lapse migration based on adjoint methods},
    journal = {Geophysics},
    volume = {74},
    issue = {6},
    pages = {WCA167-WCA177},
    year = {2009},
    doi = {10.1190/1.3261747},
    URL = { http://dx.doi.org/10.1190/1.3261747 },
    eprint = { http://dx.doi.org/10.1190/1.3261747 }
}

@incollection{whitmore12,
    author = {N. D. Whitmore and Sean Crawley},
    title = {Applications of RTM inverse scattering imaging conditions},
    booktitle = {SEG Technical Program Expanded Abstracts 2012},
    publisher = {SEG},
    pages = {1-6},
    year = {2012},
    doi = {10.1190/segam2012-0779.1},
    URL = {http://library.seg.org/doi/abs/10.1190/segam2012-0779.1},
    eprint = {http://library.seg.org/doi/pdf/10.1190/segam2012-0779.1}
}

@article{kiyashchenko07,
    author = {Kiyashchenko, D. and Plessix, R.-E. and Kashtan, B. and Troyan, V.}, 
    title = {A modified imaging principle for true-amplitude wave-equation migration},
    volume = {168}, 
    issue = {3}, 
    pages = {1093-1104}, 
    year = {2007}, 
    doi = {10.1111/j.1365-246X.2006.03187.x}, 
    URL = {http://gji.oxfordjournals.org/content/168/3/1093.abstract}, 
    eprint = {http://gji.oxfordjournals.org/content/168/3/1093.full.pdf+html}, 
    journal = {Geophysical Journal International} 
}

@article{rocha16,
    author = {Daniel Rocha and Nicolay Tanushev and Paul Sava},
    title = {Isotropic elastic wavefield imaging using the energy norm},
    journal = {Geophysics},
    volume = {81},
    issue = {4},
    pages = {S207-S219},
    year = {2016},
    doi = {10.1190/geo2015-0487.1},
    URL = { http://dx.doi.org/10.1190/geo2015-0487.1 },
    eprint = { http://dx.doi.org/10.1190/geo2015-0487.1 }
}

@inproceedings{ramos16,
    author = {Jaime Ramos-Martinez and Nizar Chemingui and Sean Crawley and Zuihong Zou and Alejandro Valenciano and Elena Klochikhina},
    title = {A robust FWI gradient for high-resolution velocity model building},
    booktitle = {86th Annual International Meeting, SEG, Expanded Abstracts},
    year = {2016},
    pages = {1258-1262},
    doi = {10.1190/segam2016-13872681.1},
    URL = {http://library.seg.org/doi/abs/10.1190/segam2016-13872681.1},
    eprint = {http://library.seg.org/doi/pdf/10.1190/segam2016-13872681.1}
}

@article{correa02,
    author = {Gustavo J. P. Corr\^{e}a and Marc Spiegelman and Suzanne Carbotte and John C. Mutter},
    title = {Centered and staggered Fourier derivatives and Hilbert transforms},
    journal = {GEOPHYSICS},
    volume = {67},
    number = {5},
    pages = {1558-1563},
    year = {2002},
    doi = {10.1190/1.1512801},
    URL = { http://dx.doi.org/10.1190/1.1512801 },
    eprint = { http://dx.doi.org/10.1190/1.1512801 }
}

@article {ozdenvar96,
    author = {\"{O}zdenvar, Turgut and McMechan, George A.},
    title = {Causes and reduction of numerical artefacts in pseudo-spectral wavefield extrapolation},
    journal = {Geophysical Journal International},
    volume = {126},
    number = {3},
    publisher = {Blackwell Publishing Ltd},
    issn = {1365-246X},
    url = {http://dx.doi.org/10.1111/j.1365-246X.1996.tb04705.x},
    doi = {10.1111/j.1365-246X.1996.tb04705.x},
    pages = {819--828},
    keywords = {numerical techniques, seismic modelling, wave equation},
    year = {1996},
}

@incollection{diaz12,
    author = {Esteban D\'{i}az and Paul Sava},
    title = {Understanding the reverse time migration backscattering: noise or signal?},
    booktitle = {SEG Technical Program Expanded Abstracts 2012},
    publisher = {SEG},
    pages = {1-6},
    year = {2012},
    doi = {10.1190/segam2012-1203.1},
    URL = {http://library.seg.org/doi/abs/10.1190/segam2012-1203.1},
    eprint = {http://library.seg.org/doi/pdf/10.1190/segam2012-1203.1}
}

@incollection{diaz13,
    author = {Esteban D\'{i}az and Paul Sava},
    title = {Wavefield tomography using RTM backscattering},
    booktitle = {SEG Technical Program Expanded Abstracts 2013},
    publisher = {SEG},
    pages = {4021-4026},
    year = {2013},
    doi = {10.1190/segam2013-1124.1},
    URL = {http://library.seg.org/doi/abs/10.1190/segam2013-1124.1},
    eprint = {http://library.seg.org/doi/pdf/10.1190/segam2013-1124.1}
}

@article{sun16,
author = {Junzhe Sun and Sergey Fomel and Lexing Ying},
title = {Low-rank one-step wave extrapolation for reverse time migration},
journal = {GEOPHYSICS},
volume = {81},
number = {1},
pages = {S39-S54},
year = {2016},
doi = {10.1190/geo2015-0183.1}
}

