@Article{mssa,
  author={Vicente Oropeza and Mauricio Sacchi},
  title={Simultaneous seismic data denoising and reconstruction via multichannel singular spectrum analysis},
  journal = 	 {Geophysics},
  year = 	 2011,
  volume =	 76,
  number=3,
  pages =	 {V25-V32},
}
@Article{yangkang2015shape,
  author={Yangkang Chen and Lele Zhang and L[] Mo},
  title = {Seismic data interpolation using nonlinear shaping regularization},
  journal={Journal of Seismic Exploration},
  year=2015,
  volume=24,
  pages={327-342},
}
@Article{chiu2014,
  author={Stephen K. Chiu},
  title={Multidimensional interpolation using a model-constrained 
minimum weighted norm interpolation},
  journal = 	 {Geophysics},
  year = 	 2014,
  volume =	 79,
  number=5,
  pages =	 {V191-V199},
}

@Article{abma2005,
  author={Ray Abma and Nurul Kabir},
  title ={Comparisons of interpolation methods},
  journal={The Leading Edge},
  volume=24,
  year=2005,
  pages={984-989},
}

@Article{yangkang20141,
  author={Yangkang Chen and Jitao Ma},
  title ={Random noise attenuation by \emph{f-x} empirical mode decomposition predictive filtering},
  journal={Geophysics},
  year=2014,
  Volume=79,
  number = 3,
  Number = 3,  
  pages={V81-V91},
}
@article{halko09,
  author =	 {N[] Halko and P[] Martinsson and J[] Tropp},
  title =	 {Finding structure with randomness: Stochastic algorithms for constructing approximate matrix decompositions},
  journal = 	 {ACM Report},
  year = 	 2009,
  volume =	 2009-05,
}
@article{rokhlin,
  author =	 {V[] Rokhlin and A[] Szlam and M[] Tygert},
  title =	 {A randomized algorithm for principle component analysis},
  journal = 	 {SIAM Journal on Matrix Analysis and Applications},
  year = 	 2009,
  volume =	 31,
  pages =	 {1100-1124},
}
@article{halko11,
  author =	 {N[] Halko and P[] Martinsson and J[] Tropp},
  title =	 {Finding structure with randomness: Probabilistic algorithms for constructing approximate matrix decompositions},
  journal = 	 {SIAM Review},
  year = 	 2011,
  volume =	 53(2),
  pages =	 {217-288},
}
@Article{weilin,
  author={Weilin Huang and Runqiu Wang and  Yangkang Chen and Huijian Li and Shuwei Gan},
  title = {Damped Multichannel Singular Spectrum Analysis for 3{D} Random Noise Attenuation },
  journal={Geophysics},
  year=2016,
  volume=81,
  number=4,
  pages={V261-V270},
}
@Article{liang,
  author=	{J[] Liang and J[] Ma and X[] Zhang},
  title =	{Seismic data restoration via data-driven tight frame},
  journal=	{Geophysics},
  volume=	79,
  year=		2014,
  pages=	{V65-V74},
}
@article{recht,
  author =	 {B[] Recht and M[] Fazel and P[] A[] Parrilo},
  title =	 {Guaranteed minimum-rank solutions of linear matrix equations via nuclear norm minimization},
  journal = 	 {SIAM Review},
  year = 	 2010,
  volume =	 52,
  number=        471,
}
@article{Yaniv,
  author =	 {Yaniv Plan},
  title =	 {Compressed sensing, sparse approximation, and low-rank matrix estimation},
  journal = 	 {PhD thesis, California Institute of Technology},
  year = 	 2011,
}
@article{power,
  author =	 {E[] J[] Cand\`{e}s and T[] Tao},
  title =	 {The power of convex relaxation: Near-optimal matrix completion},
  journal = 	 {IEEE Trans. Inf. Theory},
  year = 	 2010,
  volume =	 56,
  number=        5,
  pages =	 {2053-2080},
}
@article{benfengpocs,
  author =	 {Benfeng Wang and R[] Wu and X[] Chen and J[] Li},
  title =	 {Simultaneous seismic data interpolation and denoising with a new adaptive method based on dreamlet transform},
  journal = 	 {Geophysical Journal International},
  year = 	 2015,
  volume =	 201,
  pages =	 {1180-1192},
}
@Article{shuwei20153,
  author={S[] Gan and Shoudong Wang and Yangkang Chen and Yizhuo Zhang and Zhaoyu Jin},
  title = {Dealiased Seismic Data Interpolation Using Seislet Transform With Low-Frequency Constraint},
  journal={IEEE Geoscience and remote sensing letters},
  year=2015,
  volume=12,
  pages={2150-2154},
}
@article{shahidi,
  author =	 {R[] Shahidi and R[] Tang and J[] Ma and F[] J[] Herrmann},
  title =	 {Application of randomized sampling schemes to curvelet-based sparsity-promoting seismic data recovery},
  journal = 	 {Geophysical Prospecting},
  year = 	 2013,
  volume =	 61,
  number=5,
  pages =	 {973-997},
}
@article{duijndam,
  author =	 {A[] J[] Duijndam and M[] A[] Schonewille and C[] O[] H[] Hindriks},
  title =	 {Reconstruction of band-limited signals, irregularly sampled along one spatial direction},
  journal = 	 {Geophysics},
  year = 	 1999,
  volume =	 64,
  pages =	 {524-538},
}
@article{trad,
  author =	 {D[] O[] Trad and T[] J[] Ulrych and M[] D[] Sacchi},
  title =	 {Accurate interpolation with high-resolution time-variant Radon transforms},
  journal = 	 {Geophysics},
  year = 	 2002,
  volume =	 67,
  number=2,  
  pages =	 {644-656},
}
@article{liuwei2015,
  author =	 {Wei Liu and Siyuan Cao and Guofa Li and Yuan He},
  title =	 {Reconstruction of seismic data with missing traces based on local random sampling and curvelet transform},
  year =	 2015,
  journal =	 {Journal of Applied Geophysics},
  volume={115},
 pages=129-139,
}

@Article{benfeng2015,
  author={Benfeng Wang and Jingye Li and Xiaohong Chen},
  title={ A novel method for simultaneous seismic data interpolation and noise removal based on the $L_0$ constraint},
  journal={Journal of Seismic Exploration},
  year=2015,
  number=3,
  pages={187-204},
}


@Article{liuyang2013,
  author = 	 {Yang Liu and Cai Liu},
  title = 	 {Velocity-dependent seislet transform and its applications},
  journal = 	 {83rd Annual International Meeting, SEG, Expanded Abstracts},
  year = 	 2013,
  pages =	 {3661-3666},
}

@Article{juefu2010,
  author={Juefu Wang and Mark Ng and Mike Perz},
  title ={Seismic data interpolation by greedy local Radon transform},
  journal={Geophysics},
  volume=80,
  year=2010,
  pages={WB225-WB234},
}

@article{yu,
  author =	 {Z[] Yu and J[] Ferguson and G[] MeMechan and P[] Anno},
  title =	 {Wavelet-Radon domain dealiasing and interpolation of seismic data},
  journal = 	 {Geophysics},
  year = 	 2007,
  volume =	 72,
  number=2,
  pages =	 {V41-V49},
}
@article{wangradon,
  author =	 {J[] Wang and M[] Ng and M[] Perz},
  title =	 {Seismic data interpolation by greedy local Radon transform},
  journal = 	 {Geophysics},
  year = 	 2010,
  volume =	 75,
  number=6,
  pages =	 {WB225-WB234},
}

@article{herrmann,
  author =	 {F[] J[] Herrmann and G[] Hennenfent},
  title =	 {Non-parametric seismic data recovery with curvelet frames},
  journal = 	 {Geophysical Journal International},
  year = 	 2008,
  volume =	 173,
  number=1,
  pages =	 {233-248},
}
%Fourier
@article{sacchi,
  author =	 {M[] D[] Sacchi and T[] J[] Ulrych and C[] J[] Walker},
  title =	 {Interpolation and extrapolation using a high-resolution discrete Fourier transform},
  journal = 	 {IEEE Transactions on Signal Processing},
  year = 	 1998,
  volume =	 46,
  pages =	 {31-38},
}
@Article{yangkang2016dsd,
  author={Yangkang Chen and Jianwei Ma and Sergey Fomel},
  title ={Double-sparsity dictionary for seismic noise attenuation},
  journal={Geophysics},
  year=2016,
  volume=81,
  number=2,
  pages={V17-V30},
}

@Article{liuwei20162,
  author={W[] Liu and S[] Cao and Y[] Chen and S[] Zu},
  title = {An effective approach to attenuate random noise based on compressive sensing and curvelet transform},
  journal={Journal of Geophysics and Engineering},
  year=2016,
  volume=13,
  number=2,
  pages={135-145},
}

@Article{sacchi1997,
  author={M[] D[] Sacchi},
  title ={Re-weighting strategies in seismic devonvolution},
  journal={Geophysical Journal International},
  volume=129,
  year=1997,
  pages={651-656},
}

@Article{shaohuan2017gji,
  author={S[] Zu and H[] Zhou and W[] Mao and D[] Zhang and C[] Li and X[] Pan and Y[] Chen},
  title = {Iterative deblending of simultaneous-source data using a coherency-pass shaping operator},
  journal={Geophysical Journal International},
  year=2017,
  volume=211,
  issue=1,
  number=1,
  pages={541-557},
}

@Article{shuwei2016vscan,
  author={S[] Gan and Shoudong Wang and Yangkang Chen and Shan Qu and Shaohuan Zu},
  title = {Velocity analysis of simultaneous-source data using high-resolution semblance-coping with the strong noise},
  journal={Geophysical Journal International},
  year=2016,
  volume=204,
  pages={768-779},
}

@Article{fomel2003,
  author={S[] Fomel},
  title={Seismic reflection data interpolation with differential offset and shot continuation},
  journal={Geophysics},
  year=2003,
  volume=68,
  pages={733-744},
}
@Article{canning1996,
  author={A[] Canning and G[] H[] F[] Gardner},
  title={Reducing 3{D} acquisition footprint for 3{D} DMO and 3{D} prestack migration},
  journal={Geophysics},
  year=1996,
  volume=63,
  pages={1177-1183},
}
@article{ronen,
  author =	 {J[] Ronen},
  title =	 {Wave-equation trace interpolation},
  journal = 	 {Geophysics},
  year = 	 1987,
  volume =	 52,
  number =7,
  pages =	 {973-984},
}

@Article{fomel2002pwd,
  author={Sergey Fomel},
  title={Application of plane-wave destruction filters},
  journal={Geophysics},
  year=2002,
  Volume=67,
  pages={1946-1960},
}
@Article{spitz1991,
  author={S[] Spitz},
  title={Seismic trace interpolation in the F-X domain},
  journal={Geophysics},
  year=1991,
  volume=56,
  pages={785-794},
}

@Article{fomel2007localattr,
  author={Sergey Fomel},
  title={Local seismic attributes},
  journal={Geophysics},
  year=2007,
  Volume=72,
  pages={A29-A33},
}
@Article{yangkang2015eage2,
  author={Wei Zhong and Yangkang Chen and Shuwei Gan},
  title = {Irregularly Sampled 3{D} Seismic Data Reconstruction with {L}1/2 Norm Regularization},
  journal={77th Annual International Conference and Exhibition, EAGE, Extended Abstracts},
  year=2015,
  pages={DOI: 10.3997/2214-4609.201413447},
}


@Article{sacchi1998,
  author={M[] Sacchi and T[] Ulrych and C[] Walker},
  title={Interpolation and extrapolation using a high-resolution discrete Fourier transform},
  journal={IEEE Transactions on Signal Processing},
  year=1998,
  volume=46,
  pages={31-38},
}

@Article{mostafa2007,
  author={M[] Naghizadeh and Mauricio D[] Sacchi},
  title={Multistep autoregressive reconstruction of seismic records},
  journal={Geophysics},
  year=2007,
  volume=72,
  pages={V111-V118},
}
@Article{mostafa2010,
  author={M[] Naghizadeh and Mauricio D[] Sacchi},
  title={Beyond alias hierarchical scale curvelet interpolation of regularly and irregularly sampled seismic data},
  journal={Geophysics},
  year=2010,
  volume=75,
  pages={WB189–WB202},
}

@Article{chengbo2012,
  author = {Chengbo Li and Charles C[] Mosher and Sam Kaplan},
  title ={Interpolated compressive sensing for seismic data reconstruction},
  journal={82nd Annual International Meeting, SEG, Expanded Abstracts},
  year=2012,
  pages={1-6},
}

@Article{yangkang2014halfthr,
  author={Y[] Chen and K[] Chen and P[] Shi and Y[] Wang},
  title = {Irregular seismic data reconstruction using a percentile-half-thresholding algorithm},
  journal={Journal of Geophysics and Engineering},
  year=2014,
  pages={065001},
  volume = 11,
}
@Article{shuwei2015seg,
  author={Shuwei Gan and Shoudong Wang and Yangkang Chen and Xiaohong Chen},
  title = {Seismic data reconstruction via fast projection onto convex sets in the seislet transform domain},
  journal={SEG expanded abstracts: 85th Annual international meeting},
  year=2015,
  pages={3814-3819},
}
@Article{porsani1999,
  author={M[] J[] Porsani},
  title={Seismic trace interpolation using half-step prediction filters},
  journal={Geophysics},
  year=1999,
  volume=64,
  pages={1461-1467},
}
@Article{jianjun20152,
  author={Jianjun Gao and Jinkun Cheng and M[] Sacchi},
  title = {A new 5{D} seismic reconstruction method based on a Parallel Square Matrix Factorization algorithm},
  journal={SEG expanded abstracts: 85th Annual international meeting},
  year=2015,
  pages={3784-3788},
}

@Article{shuwei20164,
  author={S[] Gan and Yangkang Chen and Shoudong Wang and Xiaohong Chen and Weilin Huang  and Hanming Chen},
  title = {Compressive sensing for seismic data reconstruction using a fast projection onto convex sets algorithm based on the seislet transform},
  journal={Journal of Applied Geophysics},
  year=2016,
  volume=130,
  pages={194-208},
}

@Article{sternfels2015,
  author={Raphael Sternfels and G[] Viguier and R[] Gondoin and D[] Le~Meur},
  title={Multidimensional simultaneous random plus erratic noise attenuation and interpolation for seismic data by joint low-rank and sparse inversion},
  journal={Geophysics},
  year=2015,
  Volume=80,
  number=6,
  pages={WD129-WD141},
}

@Article{kreimer2012,
  author={N[] Kreimer and M[] Sacchi},
  title={A tensor higher-order singular value decomposition for prestack seismic data noise reduction and interpolation},
  journal={Geophysics},
  year=2012,
  Volume=77,
  number=3,
  pages={V113-V122},
}

@Article{weilin2015,
  author={Weilin Huang and Runqiu Wang and Ming Zhang and Yangkang Chen and J[] Yu},
  title = {Random noise attenuation for 3{D} seismic data by modified multichannel singular spectrum analysis},
  journal={77th Annual International Conference and Exhibition, EAGE, Extended Abstracts},
  year=2015,
  pages={DOI:10.3997/2214-4609.201412830.},
}

@Article{trad2009,
  author={D[] Trad},
  title={Five-dimensional interpolation: Recovering from acquisition constraints},
  journal={Geophysics},
  year=2009,
  Volume=74,
  number=6,
  pages={V123-V132},
}

@Article{trickett2008,
  author={S[] Trickett},
  title ={{F}-xy Cadzow noise suppression},
  journal={CSPG CSEG CWLS Convention},
  year=2008,
  pages={303-306},
}
@Article{trickett2009,
  author = {S[] R[] Trickett and L[] Burroughs},
  title ={Prestack rank-reducing noise suppression: Theory},
  journal={79th Annual International Meeting, SEG, Expanded Abstracts},
  year=2009,
  pages = {3332-3336},
}

@Article{kreimer2013,
  author={N[] Kreimer and A[] Stanton and M[] Sacchi},
  title={Tensor completion based on nuclear norm minimization for 5{D} seismic data reconstruction},
  journal={Geophysics},
  year=2013,
  Volume=78,
  number=6,
  pages={V273-V284},
}

@article{jianjun2013,
  author =	 {Jianjun Gao and M[] D[] Sacchi and X[] Chen},
  title =	 {A fast reduced-rank interpolation method for prestack seismic
volumes that depend on four spatial dimensions},
  journal = 	 {Geophysics},
  year = 	 2013,
  volume =	 78,
    number=1,
  pages =	 {V21-V30},
}
@Article{liubin2004,
  author={Bin Liu and M[] D[] Sacchi},
  title ={Minimum weighted norm interpolation of seismic records},
  journal={Geophysics},
  volume=69,
  year=2004,
  pages={1560-1568},
}
@article{jianjun2015,
  author =	 {Jianjun Gao and Aaron Stanton and Mauricio Sacchi},
  title =	 {Parallel matrix factorization algorithm and its application to 5{D} seismic reconstruction and denoising},
  journal = 	 {Geophysics},
  year = 	 2015,
  volume =	 80,
  number=6,
  pages =	 {V173-V187},
}

@Article{trad2009,
  author={D[] Trad},
  title={Five-dimensional interpolation: Recovering from acquisition constraints},
  journal={Geophysics},
  year=2009,
  Volume=74,
  number=6,
  pages={V123-V132},
}

@Article{fxydecon,
  author =	 {Necati Gulunay},
  title =	 {Noncausal spatial prediction filtering for random noise reduction on 3-D poststack data},
  journal =	 {Geophysics},
  year =	 2000,
  volume = 65,
  number={5}, 
  pages =	 {1641-1653},
}	
@Article{trickett2008,
  author={S[] Trickett},
  title ={{F}-xy Cadzow noise suppression},
  journal={CSPG CSEG CWLS Convention},
  year=2008,
  pages={303-306},
}
@Article{shuwei2015,
  author={S[] Gan and Y[] Chen and S[] Zu and S[] Qu and W[] Zhong},
  title = {Structure-oriented singular value decomposition for signal enhancement of seismic data},
  journal={Journal of Geophysics and Engineering},
  year=2015,
  volume=12,
  pages={262-272},
}

@Article{trickett2009,
  author = {S[] R[] Trickett and L[] Burroughs},
  title ={Prestack rank-reducing noise suppression: Theory},
  journal={79th Annual International Meeting, SEG, Expanded Abstracts},
  year=2009,
  pages = {3332-3336},
}
@Article{trickett2003,
  author={S[] R[] Trickett},
  title ={F-xy eigen image noise suppression},
  journal={Geophysics},
  year=2003,
  Volume=68,
  pages={751-759},
}
@Article{yangkang2015ortho,
  author={Yangkang Chen and Sergey Fomel},
  title = {Random noise attenuation using local signal-and-noise orthogonalization},
  journal={Geophysics},
  volume=80,
  year=2015,
  number = 6,  
  pages={WD1-Wd9},
}
@Article{wencheng2015asa,
  author={W[] Yang and R[] Wang and Y[] Chen and J[] Wu and S[] Qu and J[] Yuan and S[] Gan},
  title = {Application of spectral decomposition using regularized non-stationary autoregression to random noise attenuation},
  journal={Journal of Geophysics and Engineering},
  year=2015,
  volume = 12,
  pages={175-187},
}

@Article{abma2006,
  author={R[] Abma and N[] Kabir},
  title = {3{D} interpolation of irregular data with a {POCS} algorithm},
  journal={Geophysics},
  Volume=71,
  year=2006,
  pages={E91-E97},
}

@article{abma1995,
  author =	 {R[] Abma and J[] Claerbout},
  title =	 {Lateral prediction for noise attenuation by $t-x$ and $f-x$ techniques},
  year =	 1995,
  journal =	 {Geophysics},
  volume =	 60,
  pages =	 {1887-1896},
}
@Article{guochang2012,
  author={Guochang Liu and Xiaohong Chen and Jing Du and Kailong Wu},
  title ={Random noise attenuation using \emph{f-x} regularized nonstationary autoregression},
  journal={Geophysics},
  volume=77,
  year=2012,
  number=2,
  pages={V61-V69},
}

@Article{guochang20112,
author={G[] Liu and X[] Chen and J[] Du and J[] Song},
title={Seismic noise attenuation using nonstationary polynomial fitting},
journal={Applied Geophysics},
volume=8,
number=1,
year=2011,
pages={18-26},
}
@Article{yike2013,
  author={Yike Liu},
  title={Noise reduction by vector median filtering},
  journal={Geophysics},
  year=2013,
  volume=78,
  number=3,
  pages={V79-V87},
}

@Article{liuyang2010,
  author = 	 {Yang Liu and Sergey Fomel},
  title = 	 {OC-seislet: Seislet transform construction with differential offset continuation},
  journal = 	 {Geophysics},
  year = 	 2010,
  volume =	 75,
  number =6,   
  pages =	 {WB235-WB245},
}
@Article{fomel2010seislet,
  author = 	 {S[] Fomel and Y[] Liu},
  title = 	 {Seislet transform and seislet frame},
  journal = 	 {Geophysics},
  year = 	 2010,
  volume =	 75,
  number =3, 
  pages =	 {V25-V38},
}

@Article{fomel2006,
  author={Sergey Fomel},
  title={Towards the seislet transform},
  journal={76th Annual International Meeting, SEG, Expanded Abstracts},
  year=2006,
  pages={2847-2850},
}
@Article{liuyang2009,
author={Y[] Liu and S[] Fomel and C[] Liu and D[] Wang and G[] Liu and X[] Feng},
title={High-order seislet transform and its application of random noise attenuation},
journal={Chinese J. Geophysics},
volume=52,
year=2009,
annote={in Chinese},
pages={2142-2151}
}

@Article{neelamani2008,
author={R[] Neelamani and A[] Baumstein and D[] Gillard and M[] Hadidi and W[] Soroka},
title={Coherent and random noise attenuation using the curvelet transform},
journal={The Leading Edge},
volume=27,
number=2,
year=2008,
pages={240-248},
}

@Article{donoho1995,
  author={D[] L[] Donoho},
  title={De-noising by soft-thresholding},
  journal={IEEE transactions on information theory},
  year=1995,
  Volume=41,
  pages={613-627},
}
@Article{yangkang20142,
  author={Yangkang Chen and Sergey Fomel and Jingwei Hu},
  title ={Iterative deblending of simultaneous-source seismic data using seislet-domain shaping regularization},
  journal={Geophysics},
  year=2014,
  volume=79,
    number = 5,
  pages={V179-V189},
}

@Article{yangkang2014svmf,
  author={Y[] Chen},
  title = {Deblending using a space-varying median filter},
  journal={Exploration Geophysics},
  year=2015,
  volume=46,
  pages={332-341},
}

@Article{canales1984,
  author = 	 {L[] Canales},
  title = 	 {Random noise reduction},
  journal = 	 {54th Annual International Meeting, SEG, Expanded Abstracts},
  year = 	 1984,
  pages =	 {525-527}
}
@Article{jones1987,
  author = {I[] F[] Jones and S[] Levy},
  title ={Signal-to-noise ratio enhancement in multichannel seismic data via the Karhunen-Loeve transform},
  journal={Geophysical Prospecting},
  year=1987,
  volume=35,
  pages={12-32},
}
@article{yangkang2014nmo,
  author={Yangkang Chen and Jiang Yuan and Zhaoyu Jin and Keling Chen and Lele Zhang},
  title={Deblending using normal moveout and median filtering in common-midpoint gathers},
  journal={Journal of Geophysics and Engineering},
  volume={11},
  number={4},
  pages={045012},
  url={http://stacks.iop.org/1742-2140/11/i=4/a=045012},
  year={2014},
}
@Article{mada2013,
  author={Sergey Fomel and P[] Sava and I[] Vlad and Y[] Liu and V[] Bashkardin},
  title={Madagascar open-source software project},
  journal = 	 {Journal of Open Research Software},
  year = 	 2013,
  volume =	 1,
  pages =	 {e8},
}
@Article{stephen2013,
  author={Stephen K[] Chiu},
  title={Coherent and random noise attenuation via multichannel singular spectrum analysis in the randomized domain},
  journal={Geophysical Prospecting},
  year=2013,
  Volume=61,
  pages={1-9},
}
@Article{gulunay1986,
  author =	 {N[] Gulunay},
  title = 	 {Fx decon and complex wiener prediction filter},
  year = 	 {1986},
  journal = 	 {56th Annual International Meeting, SEG, Expanded Abstracts},  
  pages =        {279-281}
}
@Book{golub1996,
  author =	 {G[] H[] Golub and C[] F[] Van Loan},
  title =	 {Matrix computations (third edition)},
  publisher =	 {John Hopkins University Press},
  year =	 1996
}
@Article{yangkang2015,
  author={Y[] Chen and S[] Gan and T[] Liu and J[] Yuan and Y[] Zhang and Z[] Jin},
  title = {Random noise attenuation by a selective hybrid approach using f-x empirical mode decomposition},
  journal={Journal of Geophysics and Engineering},
  year=2015,
  volume=12,
  pages={12-25},
}



