@Book{hardage,
  author = 	 {B[] A[] Hardage and M[] V[] DeAngelo and P[] E[] Murray and D[] Sava},
  title = 	 {Multicomponent seismic technology},
  publisher = 	 {Society of Exploration Geophysicists},
  year = 	 2011}

@inproceedings{warp,
   author = {S[] Fomel and M[] Backus and K[] Fouad and B[] Hardage and G[] Winters},
   booktitle = {75th Ann. Internat. Mtg},
   pages = {1018-1021},
   publisher = {Soc. of Expl. Geophys.},
   title = {A
multistep approach to multicomponent seismic image registration with
application to a {West} {Texas} carbonate reservoir study},
   year = {2005}}

@Article{attr,
  author = 	 {S[] Fomel},
  title = 	 {Local seismic attributes},
  journal = 	 {Geophysics},
  year = 	 2007,
  volume =	 72,
  pages =	 {A29-A33}}

@Article{timelapse,
  author = 	 {S[] Fomel and L[] Jin},
  title = 	 {Time-lapse image registration using the local similarity attribute},
  journal = 	 {Geophysics},
  year = 	 2009,
  volume = 	 74,
  pages = 	 {A7-A11}}

@Article{tip,
  author = 	 {T[imothy] A[] Meckel and F[rancis] J[] Mulcahy},
  title = 	 {Use of novel high-resolution {3D} marine seismic technology to evaluate {Quaternary} fluvial valley development and geologic controls on shallow gas distribution, inner shelf, {Gulf} of {Mexico}},
  journal = 	 {Interpretation},
  year = 	 2016,
  volume = 	 4,
  number = 	 1,
  pages = 	 {SC35-SC49}}

@Article{pcable,
  author = 	 {C[] J[] Petersen and S[] Buenz and S[] Hustoft and J[] Mienert and D. Klaeschen},
  title = 	 {High-resolution {P-Cable} {3D} seismic imaging of gas chimney structures in gas hydrated sediments of an {Arctic} sediment drift},
  journal = 	 {Marine and Petroleum Geology},
  year = 	 2010,
  volume = 	 27,
  pages = 	 {1981-1994}}

@book{pvi,
   author = {J[on] F[] Claerbout},
   publisher = {Blackwell Scientific Publications},
   title = {{Earth Soundings Analysis: Processing Versus Inversion}},
   year = {1992}}

@article{white,
  doi = {10.1190/1.1436827},
  year  = {1991},
  month = {jul},
  publisher = {Society of Exploration Geophysicists},
  volume = {10},
  number = {7},
  pages = {26--32},
  author = {Roy E. White},
  title = {Properties of instantaneous seismic attributes},
  journal = {The Leading Edge}}

@article{conjgrad,
    author = {Hestenes, Magnus R. and Stiefel, Eduard},
    journal = {Journal of Research of the National Bureau of Standards},
    month = dec,
    number = {6},
    pages = {409--436},
    title = {{Methods of Conjugate Gradients for Solving Linear Systems}},
    volume = {49},
    year = {1952}}

@inproceedings{locfreq,
  author = {Sarah Greer and Sergey Fomel},
  title = {Balancing local frequency content in seismic data using non-stationary smoothing},
  booktitle={87th Annual International Meeting Expanded Abstracts},
  year  = {2017},
  publisher = {Society of Exploration Geophysicists},
  pages = {4278--4282}
}

@article{nonuniform,
  author = {Christopher P. Ross and M. Suat Altan},
  title = {Time-lapse seismic monitoring: Some shortcomings in nonuniform processing},
  year  = {1997},
  publisher = {Society of Exploration Geophysicists},
  volume = {16},
  number = {6},
  pages = {931--937},
  journal = {The Leading Edge}}

@article{freqmerge,
  year  = {2009},
  title = {Extended bandwidth by a frequency domain merge of two {3D} seismic volumes},
  author = {D[] Carter and S[] Pambayuning},
  publisher = {Society of Exploration Geophysicists},
  volume = {28},
  number = {4},
  pages = {386--386},
  journal = {The Leading Edge}}

@misc{data,
  doi = {10.1594/ieda/500157},
  author = {T[] Meckel and N[] L[] Bangs and T[] Hess},
  title = {{3D} multichannel seismic field data from the {San} {Luis} {Pass} region off {Galveston},  {Texas},  acquired by the {R/V} {Brooks-McCall} in 2013 {(BM1310)}},
  publisher = {Integrated Earth Data Applications (IEDA)},
  year = {2017}}

@inproceedings{kavery,
  doi = {10.1190/1.2792458},
  year  = {2007},
  month = {jan},
  publisher = {Society of Exploration Geophysicists},
  author = {T. R. Murali Mohan and C. B. Yadava and Surendra Kumar and K. K. Mishra and Kunal Niyogi},
  title = {Prestack merging of land {3D} vintages {\textemdash} A case history from {K}avery {B}asin,  {I}ndia},
  booktitle = {{SEG} Technical Program Expanded Abstracts 2007}}

@inproceedings{gabor,
  year  = {2014},
  month = {aug},
  publisher = {Society of Exploration Geophysicists},
  author = {Jun Zhou and Jun Sun and Xuening Ma},
  title = {Application of {Gabor} transform to amplitude spectrum matching for merging seismic surveys},
  booktitle = {{SEG} Technical Program Expanded Abstracts 2014}}

@inproceedings{supermerge,
  doi = {10.1190/1.1843308},
  url = {https://doi.org/10.1190/1.1843308},
  year  = {2004},
  month = {jan},
  publisher = {Society of Exploration Geophysicists},
  author = {Samir Al-Inaizi and Ralph Bridle and Nader Nakhla},
  title = {Comparison of pre and post-stack super-merge of ten {3D} blocks},
  booktitle = {{SEG} Technical Program Expanded Abstracts 2004}}
