@inproceedings{masha,
   author = {M[] Cameron and S[] Fomel and J[] Sethian},
   booktitle = {76th Ann. Internat. Mtg},
   pages = {3066-3069},
   publisher = {Soc. of Expl. Geophys.},
   title = {Seismic velocity estimation and time to depth conversion of time-migrated images},
   year = {2006}}

@article{cameron2008time,
  title={Time-to-depth conversion and seismic velocity estimation using time-migration velocity},
  author={Cameron, Maria and Fomel, Sergey and Sethian, James},
  journal={Geophysics},
  volume={73},
  number={5},
  pages={no.5, VE205--VE210},
  year={2008},
  publisher={Society of Exploration Geophysicists}
}

@inproceedings{shan,
   author = {G[] Shan and B[] Biondi},
   booktitle = {76th Ann. Internat. Mtg},
   pages = {2372-2376},
   publisher = {Soc. of Expl. Geophys.},
   title = {Imaging steep salt flank with plane-wave migration in tilted coordinates},
   year = {2006}}

@article{sava2005riemannian,
  title={Riemannian wavefield extrapolation},
  author={Sava, Paul and Fomel, Sergey},
  journal={Geophysics},
  volume={70},
  number={3},
  pages={no.3, T45--T56},
  year={2005},
  publisher={Society of Exploration Geophysicists}
}

@Article{sava,
  author = 	 {P[] Sava},
  title = 	 {Imaging overturning reflections by {Riemannian} {Wavefield} {Extrapolation}},
  journal = 	 {Journal of Seismic Exploration},
  year = 	 2006,
  volume =	 15,
  pages =	 {209-223}
}

@Article{ip,
  author = 	 {M[] Cameron and S[] Fomel and J[] Sethian},
  title = 	 {Seismic
  velocity estimation from time migration velocities},
  journal = 	 {Inverse
  Problems},
  year = 	 2007,
  volume =	 23,
  pages =	 {1329-1369}
}
@article{dell2011common,
  title={Common-reflection-surface-based workflow for diffraction imaging},
  author={Dell, Sergius and Gajewski, Dirk},
  journal={Geophysics},
  volume={76},
  number={5},
  pages={S187--S195},
  year={2011},
  publisher={Society of Exploration Geophysicists}
}
@Article{geo,
  author = 	 {M[] Cameron and S[] Fomel and J[] Sethian},
  title = 	 {Seismic
  velocity estimation and time to depth conversion of time-migrated
  images},
  journal = 	 {Geophysics},
  year = 	 2008,
  volume =	 73,
  pages =	 {VE205-VE210}
}


@Article{jcp,
  author = 	 {M[] Cameron and S[] Fomel and J[] Sethian},
  title = 	 {Analysis
and algorithms for a regularized {Cauchy} problem arising from a
non-linear elliptic {PDE} for seismic velocity estimation},
  journal = 	 {Journal of
Computational Physics},
  year = 	 2009,
  volume = 	 228,
  pages = 	 {7388-7411}}

@Article{etgen,
  author = 	 {J[ohn] Etgen and S[amuel] H[] Gray and Y[u] Zhang},
  title = 	 {An overview of depth imaging in exploration geophysics},
  journal = 	 {Geophysics},
  year = 	 2009,
  volume = 	 74,
  number = 	 6,
  pages = 	 {no.6, WCA5-WCA17}}

@article{savahill,
author = {P[aul] Sava and S[] Hill},
title = {Overview and classification of wavefield seismic imaging methods},
journal = {The Leading Edge},
volume = {28},
number = {2},
pages = {170-183},
year = {2009},
doi = {10.1190/1.3086052},
URL = {http://library.seg.org/doi/abs/10.1190/1.3086052},
eprint = {http://library.seg.org/doi/pdf/10.1190/1.3086052}
}

@incollection{landa,
  title={How correct is a velocity model?},
  author={Glogovsky, Vladimir and Landa, Evgeny and hangman, Sergey and Moser, Tijmen Jan},
  booktitle={SEG Technical Program Expanded Abstracts 2008},
  pages={3572--3576},
  year={2008},
  publisher={Society of Exploration Geophysicists}
}

@Article{landa2,
  author = 	 {V[] Glogovsky and E[] Landa and S[] Hangman and T[]~J[] Moser},
  title = 	 {Validating the velocity model: the {Hamburg} Score},
  journal = 	 {First Break},
  year = 	 2009,
  volume = 	 27,
  number = 	 3,
  pages = 	 {77-85}}

@Article{shragge,
  author = 	 {J[] Shragge},
  title = 	 {Riemannian wavefield extrapolation: {Non-orthogonal} coordinate systems},
  journal = 	 {Geophysics},
  year = 	 2008,
  volume =	 73,
  pages =	 {T11-T21}
}

@Article{tygel,
  author = 	 {Einar Iversen and Martin Tygel},
  title = 	 {Image-ray tracing for joint {3D} seismic velocity estimation and time-to-depth conversion},
  journal = 	 {Geophysics},
  year = 	 2008,
  volume =	 73,
  pages =	 {no.3, S99-S114}
}

@Book{chapman,
  author =	 {C[hris] Chapman},
  title = 	 {Fundamentals of seismic wave propagation},
  publisher = 	 {Cambridge University Press},
  year = 	 2004
}


@incollection{siwei,
  title={A robust approach to time-to-depth conversion in the presence of lateral-velocity variations},
  author={Li, Siwei and Fomel, Sergey},
  booktitle={SEG Technical Program Expanded Abstracts 2013},
  pages={4800--4805},
  year={2013},
  publisher={Society of Exploration Geophysicists}
}

@article{siwei2,
 author={S[] Li and S[] Fomel},
 year={2015},
 title={A robust approach to time-to-depth
  conversion and interval velocity estimation from time migration in
  the presence of lateral velocity variations},
 journal={Geophysical Prospecting},
 volume={63},
 pages={315-337}
}


@Book{biondi,
  author =       {B[] Biondi},
  title =        {{3-D} Seismic Imaging},
  publisher =    {Society of Exploration Geophysicists},
  year =         2006}

@article{diffr,
 author={S. Fomel and E. Landa and M. T. Taner},
 year={2007},
 title={Post-stack velocity analysis by separation and imaging of seismic diffractions},
 journal={Geophysics},
 volume={72},
 pages={no.6, U89-U94}
}

@article{pmig,
   author = {S[] Fomel},
   journal = {Geophysics},
   pages = {no.3, S139-S147},
   publisher = {Soc. of Expl. Geophys.},
   title = {Velocity-independent time-domain seismic imaging using
  local event slopes},
   volume = {72},
   year = {2007}
}

@article{cooke,
author = {Cooke, D. and B\'{o}na, A. and Hansen, B.},
title = {Simultaneous time imaging, velocity estimation, and multiple suppression using local event slopes},
journal = {Geophysics},
volume = {74},
number = {6},
pages = {no.6, WCA65-WCA73},
year = {2009},
doi = {10.1190/1.3242751},
URL = {http://library.seg.org/doi/abs/10.1190/1.3242751},
eprint = {http://library.seg.org/doi/pdf/10.1190/1.3242751}
}

@incollection{alejandro,
  title={Interval velocity estimation using edge-preserving regularization},
  author={Valenciano, Alejandro A and Brown, Morgan and Guitton, Antoine and Sacchi, Mauricio D},
  booktitle={SEG Technical Program Expanded Abstracts 2004},
  pages={2431--2434},
  year={2004},
  publisher={Society of Exploration Geophysicists}
}

@article{pwc,
   author = {S[] Fomel and A[] Guitton},
   journal = {Geophysics},
   pages = {no.5, A43-A47},
   publisher = {Soc. of Expl. Geophys.},
   title = {Regularizing seismic inverse
  problems by model re-parameterization using plane-wave construction},
   volume = {71},
   year = {2006}
}

@article{shape,
   author = {S[] Fomel},
   journal = {Geophysics},
   pages = {no.2, R29-R36},
   publisher = {Soc. of Expl. Geophys.},
   title = {Shaping regularization in geophysical-estimation
  problems},
   volume = {72},
   year = {2007}
}

@Book{robein,
  author =	 {E[tienne] Robein},
  title = 	 {Velocities, time-imaging and depth-imaging in reflection seismics},
  publisher = 	 {EAGE},
  year = 	 2003
}

@Book{jones,
  author = 	 {I[an] F[] Jones},
  title = 	 {An Introduction to Velocity Model Building},
  publisher = 	 {EAGE},
  year = 	 2010}


@Article{larner,
  author = 	 {K[] L[] Larner and L[] Hatton and B[] S[] Gibson and I[] S[] Hsu},
  title = 	 {Depth migration of imaged time sections},
  journal = 	 {Geophysics},
  year = 	 1981,
  volume =	 46,
  pages =	 {734-750}
}

@Article{hatton,
  author = 	 {L[] Hatton and L[] K[] Larner and B[] S[] Gibson},
  title = 	 {Migration of seismic data from inhomogeneous media},
  journal = 	 {Geophysics},
  year = 	 1981,
  volume =	 46,
  pages =	 {751-767}
}

@article{lowrank,
  title={Seismic wave extrapolation using lowrank symbol approximation},
  author={Fomel, Sergey and Ying, Lexing and Song, Xiaolei},
  journal={Geophysical Prospecting},
  volume={61},
  number={3},
  pages={526--536},
  year={2013},
  publisher={Wiley Online Library}
}

@incollection{lowrank10,
	author=	{S. Fomel and L. Ying and X. Song},
	year=	2010,
	title=	{Seismic wave extrapolation
  using lowrank symbol approximation},
	publisher=	{Soc. of Expl. Geophys.},
        pages = {3092-3096},
	booktitle=	{80th Ann. Internat. Mtg}
	}

@Book{tikh,
  author = 	 {A. N. Tikhonov and V. Y. Arsenin},
  title = 	 {Solutions of Ill-Posed Problems},
  publisher = 	 {Winston},
  year = 	 1977,
  address = 	 {New York}}

@Article{burnett,
  author = 	 {W. Burnett and S. Fomel},
  title = 	 {Azimuthally anisotropic {3D}
  velocity continuation},
  journal = 	 {International Journal of Geophysics},
  pages =        {Article ID 484653},
  year = 	 2011}

@incollection{decker,
	author=	{L. Decker and S. Fomel},
	year=	2014,
	title=	{Diffraction imaging and velocity
  analysis using oriented velocity continuation},
	publisher=	{Soc. of Expl. Geophys.},
        pages = {4810-4815},
	booktitle=	{84th Ann. Internat. Mtg}
	}
@incollection{fowler1984velocity,
  title={Velocity independent imaging of seismic reflectors},
  author={Fowler, Paul},
  booktitle={SEG Technical Program Expanded Abstracts 1984},
  pages={383--385},
  year={1984},
  publisher={Society of Exploration Geophysicists}
}
@article{sripanich2018fast,
  title={Fast time-to-depth conversion and interval velocity estimation in the case of weak lateral variations},
  author={Sripanich, Yanadet and Fomel, Sergey},
  journal={Geophysics},
  volume={83},
  number={3},
  pages={no.3, S227--S235},
  year={2018},
  publisher={Society of Exploration Geophysicists}
}

@article{fomel2013madagascar,
  title={Madagascar: Open-source software project for multidimensional data analysis and reproducible computational experiments},
  author={Fomel, Sergey and Sava, Paul and Vlad, Ioan and Liu, Yang and Bashkardin, Vladimir},
  journal={Journal of Open Research Software},
  volume={1},
  number={1},
  year={2013},
  publisher={Ubiquity Press}
}
@incollection{fomel2013wave,
  title={Wave-equation time migration},
  author={Fomel, Sergey},
  booktitle={SEG Technical Program Expanded Abstracts 2013},
  pages={3703--3708},
  year={2013},
  publisher={Society of Exploration Geophysicists}
}
@article{decker2017diffraction,
  title={Diffraction imaging and time-migration velocity analysis using oriented velocity continuation},
  author={Decker, Luke and Merzlikin, Dmitrii and Fomel, Sergey},
  journal={Geophysics},
  volume={82},
  number={2},
  pages={no.2, U25--U35},
  year={2017},
  publisher={Society of Exploration Geophysicists}
}
@book{forel2005seismic,
  title={Seismic Data Processing with Seismic Unix: A 2D Seismic Data Processing Primer},
  author={Forel, David and Benz, Thomas and Pennington, Wayne D},
  year={2005},
  publisher={Society of Exploration Geophysicists}
}
@misc{claerbout1995basic,
  title={Basic Earth Imaging: Stanford {Exploration} {Project}},
  author={Claerbout, JF},
  year={1995}
}
@article{fomel2003time,
  title={Time-migration velocity analysis by velocity continuation},
  author={Fomel, Sergey},
  journal={Geophysics},
  volume={68},
  number={5},
  pages={no.5, 1662--1672},
  year={2003},
  publisher={Society of Exploration Geophysicists}
}
@article{hubral1977time,
  title={Time migration—Some ray theoretical aspects},
  author={Hubral, Peter},
  journal={Geophysical prospecting},
  volume={25},
  number={4},
  pages={738--745},
  year={1977},
  publisher={European Association of Geoscientists \& Engineers}
}
@article{zhang1998application,
  title={Application of successive approximation method to the computation of the Green's function in axisymmetric inhomogeneous media},
  author={Zhang, Geng Ji and Zhang, Zhong Qing},
  journal={IEEE transactions on geoscience and remote sensing},
  volume={36},
  number={3},
  pages={732--737},
  year={1998},
  publisher={IEEE}
}
@article{coimbra2013migration,
  title={Migration velocity analysis using residual diffraction moveout in the poststack depth domain},
  author={Coimbra, Tiago A and de Figueiredo, J Jadsom S and Schleicher, J{\"o}rg and Novais, Am{\'e}lia and Costa, Jess{\'e} C},
  journal={Geophysics},
  volume={78},
  number={3},
  pages={no.3, S125--S135},
  year={2013},
  publisher={Society of Exploration Geophysicists}
}
@article{dell2014image,
  title={Image-ray Tomography},
  author={Dell, Sergius and Gajewski, Dirk and Tygel, Martin},
  journal={Geophysical Prospecting},
  volume={62},
  number={3},
  pages={413--426},
  year={2014},
  publisher={European Association of Geoscientists \& Engineers}
}
@article{santos2015prestack,
  title={Prestack time-migration velocity analysis using remigration trajectories},
  author={Santos, Henrique B and Coimbra, Tiago A and Schleicher, J{\"o}rg and Novais, Am{\'e}lia},
  journal={Geophysics},
  volume={80},
  number={4},
  pages={S151--S163},
  year={2015},
  publisher={Society of Exploration Geophysicists}
}
@article{gelius2015migration,
  title={Migration-velocity building in time and depth from {3D} Common-Reflection-Surface {(CRS)} stacking-theoretical framework},
  author={Gelius, Leiv-J and Tygel, Martin},
  journal={Studia Geophysica et Geodaetica},
  volume={59},
  number={2},
  pages={no.2, 253--282},
  year={2015},
  publisher={Springer}
}
@inproceedings{glockner2016kinematic,
  title={Kinematic time demigration with an automatically generated velocity model},
  author={Gl{\"o}ckner, M and Schwarz, B and Vanelle, C and Gajewski, D},
  booktitle={78th EAGE Conference and Exhibition 2016},
  volume={2016},
  number={1},
  pages={1--5},
  year={2016},
  organization={European Association of Geoscientists \& Engineers}
}
@article{bednar2005brief,
  title={A brief history of seismic migration},
  author={Bednar, J Bee},
  journal={Geophysics},
  volume={70},
  number={3},
  pages={no.3, 3MJ--20MJ},
  year={2005},
  publisher={Society of Exploration Geophysicists}
}
@article{shragge2008riemannian,
  title={Riemannian wavefield extrapolation: Nonorthogonal coordinate systems},
  author={Shragge, Jeffrey Chilver},
  journal={Geophysics},
  volume={73},
  number={2},
  pages={T11--T21},
  year={2008},
  publisher={Society of Exploration Geophysicists}
}
@article{shragge2008prestack,
  title={Prestack wave-equation depth migration in elliptical coordinates},
  author={Shragge, Jeff and Shan, Guojian},
  journal={Geophysics},
  volume={73},
  number={5},
  pages={S169--S175},
  year={2008},
  publisher={Society of Exploration Geophysicists}
}
