@book{Claerbout76,
   author =       {J[] F[] Claerbout},
   publisher =    {McGraw-Hill lnc.},
   title =        {Fundamentals of geophysical data processing with
   application to petroleum prospecting},
   year =         {1992},
   pages =	 {139-140}
}

@Article{Clarke68,
  author = 	 {G[] K[] C[] Clark},
  title = 	 {Time-varying deconvolution filters},
  journal = 	 {Geophysics},
  year = 	 1968,
  volume =	 33,
  pages =	 {936-944}
}

@Article{Fomel07a,
  author = 	 {S[] Fomel},
  title = 	 {Local seismic attributes},
  journal = 	 {Geophysics},
  year = 	 2007a,
  volume =	 72,
  pages =	 {A29-A33}
}

@Article{Fomel07b,
  author = 	 {S[] Fomel},
  title = 	 {Shaping regularization in geophysical-estimation problems},
  journal = 	 {Geophysics},
  year = 	 2007b,
  volume =	 72,
  pages =	 {R29-R36}
}

@inproceedings{Fomel16,
  author =	 {S[] Fomel and J[] Claerbout},
  title = 	 {Streaming prediction-error filters},
  booktitle =    {86th Annual International Meeting},
  year = 	 {2016},
  publisher =    {SEG, Expanded Abstracts},
  pages =        {4787-4791}
}

@Article{Griffiths77,
  author = 	 {L[] J[] Griffiths and F[] R[] Smolka and L[] D[] Trembly},
  title = 	 {Adaptive deconvolution: A new technique for processing
  time-varying seismic data},
  journal = 	 {Geophysics},
  year = 	 1977,
  volume =	 42,
  pages =	 {742-759}
}

@Article{Hager89,
  author = 	 {W[] W[] Hager},
  title = 	 {Updating the inverse of a matrix},
  journal = 	 {SIAM Review},
  year = 	 1989,
  volume =	 31,
  pages =	 {221-239}
}

@Article{Koehler85,
  author = 	 {F[] Koehler and M[] T[] Taner},
  title = 	 {The use of the conjugate-gradient algorithm in the
  computation of predictive deconvolution operators},
  journal = 	 {Geophysics},
  year = 	 1985,
  volume =	 50,
  pages =	 {683-695}
}

@Article{Li13,
  author = 	 {F[] Li and S[] D[] Wang and X[] H[] Chen and G[] C[] Liu
  and Q[] Zheng},
  title = 	 {Prestack nonstationary deconvolution based on variable-step
  sampling in the radial trace domain},
  journal = 	 {Applied Geophysics},
  year = 	 2013,
  volume =	 10,
  pages =	 {423-432}
}

@Article{Li16,
  author = 	 {Z[] X[] Li and Z[] C[] Li and W[] K[] Lu},
  title = 	 {Multichannel predictive deconvolution based on the fast
  iterative shrinkage-thresholding algorithm},
  journal = 	 {Geophysics},
  year = 	 2016,
  volume =	 81,
  pages =	 {V17-V30}
}

@Article{Liu11,
  author = 	 {Y[] Liu and S[] Fomel},
  title = 	 {Seismic data interpolation beyond aliasing using
  regularized nonstationary autoregression},
  journal = 	 {Geophysics},
  year = 	 2011,
  volume =	 76,
  pages =	 {V69-V77}
}

@Article{Liu18,
  author = 	 {Y[] Liu and B[] X[] Li},
  title = 	 {Streaming orthogonal prediction filter in the t-x domain
  for random noise attenuation},
  journal = 	 {Geophysics},
  year = 	 2018,
  volume =	 83,
  pages =	 {F41-F48}
}

@Article{Margrave11,
  author = 	 {G[] F[] Margrave and M[] P[] Lamoureux and D[] C[] Henley},
  title = 	 {Gabor deconvolution: Estimating reflectivity by
  nonstationary deconvolution of seismic data},
  journal = 	 {Geophysics},
  year = 	 2011,
  volume =	 76,
  pages =	 {W15-W30}
}

@Article{Peacock69,
  author = 	 {K[] L[] Peacock and S[] Treitel},
  title = 	 {Predictive deconvolution: theory and practice},
  journal = 	 {Geophysics},
  year = 	 1969,
  volume =	 34,
  pages =	 {155-169}
}

@Article{Porsani07,
  author = 	 {M[] J[] Porsani and B[] Ursin},
  title = 	 {Direct multichannel predictive deconvolution},
  journal = 	 {Geophysics},
  year = 	 2007,
  volume =	 72,
  pages =	 {H11-H27}
}

@Article{Prasad80,
  author = 	 {S[] Prasad and A[] K[] Mahalanabis},
  title = 	 {Adaptive filter structures for deconvolution of seismic
  signals},
  journal = 	 {IEEE Transactions on Geoscience and Remote Sensing},
  year = 	 1980,
  volume =	 GEâ€“18,
  pages =	 {267-273}
}

@Article{Ristow75,
  author = 	 {D[] Ristow and D[] Jurczyk},
  title = 	 {Vibroseis deconvolution},
  journal = 	 {Geophysical Prospecting},
  year = 	 1975,
  volume =	 23,
  pages =	 {363-379}
}

@Article{Robinson57,
  author = 	 {E[] A[] Robinson},
  title = 	 {Predictive decomposition of seismic traces},
  journal = 	 {Geophysics},
  year = 	 1957,
  volume =	 22,
  pages =	 {767-778}
}

@Article{Robinson67,
  author = 	 {E[] A[] Robinson},
  title = 	 {Predictive decomposition of time series with application
  to seismic exploration},
  journal = 	 {Geophysics},
  year = 	 1967,
  volume =	 32,
  pages =	 {418-484}
}

@Article{ver08,
  author = 	 {M[] ver der Baan},
  title = 	 {Time-varying wavelet estimation and deconvolution by
  kurtosis maximization},
  journal = 	 {Geophysics},
  year = 	 2008,
  volume =	 73,
  pages =	 {V11-V18}
}

@Article{ver12,
  author = 	 {M[] ver der Baan},
  title = 	 {Bandwidth enhancement: Inverse {Q} filtering or time-varying
  Wiener deconvolution},
  journal = 	 {Geophysics},
  year = 	 2012,
  volume =	 77,
  pages =	 {V133-V142}
}

@Article{Wang69,
  author = 	 {R[] J[] Wang},
  title = 	 {The determination of optimum gate length for time-varying
  Wiener Filtering},
  journal = 	 {Geophysics},
  year = 	 1969,
  volume =	 34,
  pages =	 {683-695}
}

@Article{Wang02,
  author = 	 {Y[] H[] Wang},
  title = 	 {A stable and efficient approach to inverse {Q} filtering},
  journal = 	 {Geophysics},
  year = 	 2002,
  volume =	 67,
  pages =	 {657-663}
}

@Article{Wang06,
  author = 	 {Y[] H[] Wang},
  title = 	 {Inverse {Q}-filter for seismic resolution enhancement},
  journal = 	 {Geophysics},
  year = 	 2006,
  volume =	 71,
  pages =	 {V51-V60}
}

@book{Wang08,
   author =       {Y[] H[] Wang},
   publisher =    {Blackwell, Oxford},
   title =        {Seismic Inverse {Q} Filtering},
   year =         {2008},
   pages =	  {}
}

@Article{Wang04,
  author = 	 {Y[] H[] Wang and J[] Guo},
  title = 	 {Modified Kolsky model for seismic attenuation and
  dispersion},
  journal = 	 {Journal of Geophysics and Engineering},
  year = 	 2004,
  volume =	 1,
  pages =	 {187-196}
}
