@Book{iei,
  author =       {J. F. Claerbout},
  title =        {Imaging the {Earth}'s Interior},
  publisher =    {Blackwell Scientific Publications},
  year =         1985
}

