@Article{Allen1977,
  author = 	 {J[] G[] Allen},
  title = 	 {Short term spectral analysis, synthetic and modification by discrete {Fourier} transform},
  journal = 	 {IEEE Transactions on Signal Processing},
  year = 	 1977,
  volume = 	 ASSP-25,
  pages = 	 {135-238}
}

@Article{Brian1993,
  author = 	 {C[] Brian and R[] C[] Williamson and B[] Boashash},
  title = 	 {The relationship between instantaneous frequency and time-frequency representations},
  journal = 	 {IEEE Transactions on Acoustics, Speech, and Signal Processing},
  year = 	 1993,
  volume = 	 41,
  pages = 	 {1458-1461}
}

@Article{Castagna2003,
  author = 	 {J[] Castagna and S[] Sun and R[] W[] Siegfried},
  title = 	 {Instantaneous spectral analysis: Detection of low-frequency shadows associated with hydrocarbons},
  journal = 	 {The Leading Edge},
  year = 	 2003,
  volume = 	 22,
  pages = 	 {120-127}
}

@Article{Chakraborty1995,
  author = 	 {A[] Chakraborty and D[] Okaya},
  title = 	 {Frequency-time decomposition of seismic data using wavelet-based methods},
  journal = 	 {Geophysics},
  year = 	 1995,
  volume = 	 60,
  pages = 	 {1906-1916}
}

@Book{Claasen1980,
  author = 	 {T[] Claasen and W[] Mecklenbr√§uker},
  publisher = 	 {Philips Journal of Research},
  title = 	 {The {Wigner} distribution -- {A} tool for time-frequency signal analysis, 3 parts},
  year =         {1980}
}

@Article{Cohen1989,
  author =  {L[] Cohen},
  title =  {Time-frequency distributions -- {A} review},
  journal =  {Proceedings of the IEEE},
  year = 1989,
  volume = 77,
  number = 7,
  pages = {941-981}
}


@book{Cohen1995,
   author =       {L[] Cohen},
   publisher =    {Prentice Hall, Inc},
   title =        {{Time-frequency analysis}},
   year =         {1995}
}

@Article{Ebrom2004,
  author =  {D[] Ebrom},
  title =  {The low frequency gas shadows in seismic sections},
  journal = {The Leading Edge},
  year = 2004,
  volume = 23,
  pages = {772}
}

@Article{Fomel2007a,
  author = 	 {S[] Fomel},
  title = 	 {Local seismic attributes},
  journal = 	 {Geophysics},
  year = 	 2007,
  volume = 	 72,
  pages = 	 {A29-A33}
}


@Article{Fomel2007b,
  author =  {S[] Fomel},
  title = {Shaping regularization in geophysical-estimation problems},
  journal = {Geophysics},
  year = 2007,
  volume =  72,
  number = 2,
  pages = {R29-R36}
}

@Article{Fomel2009,
  author ={S[] Fomel},
  title = {Adaptive multiple subtraction using regularized nonstationary regression},
  journal = {Geophysics},
  year = 2009,
  volume = 74,
  number=1,
  pages = {V25-V33}
}

@Article{Fomel2010,
  author = 	 {S[] Fomel},
  title = 	 {Predictive painting of {3D} seismic volumes},
  journal = 	 {Geophysics},
  year = 	 2010,
  volume = 	 75,
  pages = 	 {A25-A30}
}

@Article{Fomel2009Jin,
  author = 	 {S[] Fomel and L[] Jin},
  title = 	 {Time-lapse image registration using the local similarity attribute},
  journal = 	 {Geophysics},
  year = 	 2009,
  volume = 	 74,
  pages = 	 {A7-A11}
}

@inproceedings{Fomel2010van,
  author =       {S[] Fomel and van der Baan},
  year =         {2009},
  title =        {Local similarity with the envelope as a seismic phase detector},
  booktitle =    {80th Annual International Meeting},
  publisher =    {Soc. of Expl. Geophys.},
  pages =        {1555-2559}
}

@Article{Hlawatsch1992,
  author = 	 {F[] Hlawatsch and G[] Boudreaux-Bartels},
  title = 	 {Linear and quadratic timefrequency signal representations},
  journal = 	 {IEEE Signal Processing Magazine},
  year = 	 1992,
  volume = 	 9,
  pages = 	 {21-67}
}

@Article{Kazemeini2009,
  author = {S[] H[] Kazemeini and C[] Juhlin and K[] Z[] Jorgensen and B[] Norden},
  title = {Application of the continuous wavelet transform on seismic data for mapping of channel deposits and gas detection at the {CO2SINK} site, {Ketzin}, {Germany}},
  journal = {Geophysical Prospecting},
  year = 2009,
  volume = 57,
  number = 1,
  pages = {111-123}
}

@Article{Korneev2004,
  author = 	 {V[] A[] Korneev and G[] M[] Goloshubin and T[] M[] Daley and B[] S[] Dmitry},
  title = 	 {Seismic low-frequency effects in monitoring fluid-saturated reservoirs},
  journal = 	 {Geophysics},
  year = 	 2004,
  volume = 	 69,
  pages = 	 {522-532}
}

@Article{Li2008,
  author = 	 {Y[] Li and X[] Zheng},
  title = 	 {Spectral decomposition using {Wigner-Ville} distribution with applications to carbonate reservoir characterization},
  journal = 	 {The Leading Edge},
  year = 	 2008,
  volume = 	 27,
  pages = 	 {1050-1057}
}

@Article{Liu2011chen,
  author = 	 {G[] Liu and X[] Chen and J[] Li and J[] Du and J[] Song},
  title = 	 {Seismic noise attenuation using nonstationary polynomial fitting},
  journal = 	 {Applied Geophysics},
  year = 	 2011,
  volume = 	 8,
  pages = 	 {18-26}
}

@Article{Liu2011Fomel,
  author = 	 {G[] Liu and S[] Fomel and X[] Chen},
  title = 	 {Stacking angle-domain common-image gathers for normalization of illumination},
  journal = 	 {Geophysical Prospecting},
  year = 	 2011,
  volume = 	 59,
  pages = 	 {244-255}
}

@Article{Liu2009Fomel,
  author = 	 {G[] Liu and S[] Fomel and L[] Jin and X[] Chen},
  title = 	 {Seismic data stacking using local correction},
  journal = 	 {Geophysics},
  year = 	 2009,
  volume = 	 74,
  pages = 	 {V43-V48}
}

@inproceedings{Liu2005,
  author =       {J[] Liu and K[] J[] Marfurt},
  year =         {2005},
  title =        {Matching pursuit decomposition using {Morlet} wavelet},
  booktitle =    {75th Annual International Meeting},
  publisher =    {Soc. of Expl. Geophys.},
  pages =        {786-789}
}

@inproceedings{Liu2004,
  author =       {J[] Liu and Y[] Wu and D[] Han and X[] Li},
  year =         {2004},
  title =        {Time-frequency decomposition based on {Ricker} wavelet},
  booktitle =    {74th Annual International Meeting},
  publisher =    {Soc. of Expl. Geophys.},
  pages =        {1937-1940}
}


@inproceedings{Liu2010,
  author =       {Y[] Liu and S[] Fomel},
  year =         {2010},
  title =        {Seismic data analysis using local time-frequency transform},
  booktitle =    {80th Annual International Meeting},
  publisher =    {Soc. of Expl. Geophys.},
  pages =        {3711-3716}
}

@Article{Lomask2006,
  author = 	 {J[] Lomask and A[] Guitton and S[] Fomel and J[] Claerbout and A[] Valenciano},
  title = 	 {Flattening without picking},
  journal = 	 {Geophysics},
  year = 	 2006,
  volume = 	 71,
  pages = 	 {13-20}
}

@Article{Lomask2006,
  author = 	 {J[] Lomask and A[] Guitton and S[] Fomel and J[] Claerbout and A[] Valenciano},
  title = 	 {Flattening without picking},
  journal = 	 {Geophysics},
  year = 	 2006,
  volume = 	 71,
  pages = 	 {13-20}
}

@Article{Mallat1993,
  author = 	 {S[] Mallat and Z[] Zhang},
  title = 	 {Matching pursuit with time-frequency dictionaries},
  journal = 	 {IEEE Transactions on Signal Processing},
  year = 	 1993,
  volume = 	 41,
  number = 12,
  pages = 	 {3397-3415}
}

@Article{Margrave1998,
  author = 	 {G[] Margrave},
  title = 	 {Theory of nonstationary linear filtering in the {Fourier} domain with application to time-variant filtering},
  journal = 	 {Geophysics},
  year = 	 1998,
  volume = 	 63,
  pages = 	 {244-259}
}

@Article{Partyka1999,
  author = 	 {G[] A[] Partyka and J[] M[] Gridley and J[] Lopez},
  title = 	 {Interpretational applications of spectral decomposition in reservoir characterization},
  journal = 	 {The Leading Edge},
  year = 	 1998,
  volume = 	 18,
  pages = 	 {353-360}
}

@Article{Pinnegar2003,
  author = 	 {C[] Pinnegar and L[] Mansinha},
  title = 	 {The {S-transform} with windows of arbitrary and varying shape},
  journal = 	 {Geophysics},
  year = 	 2003,
  volume = 	 68,
  pages = 	 {381-385}
}

@Article{Reine2009,
  author = 	 {C[] Reine and M[] van der Baan and R[] Clark},
  title = 	 {The robustness of seismic attenuation measurements using fixed- and variable-window time-frequency transforms},
  journal = 	 {Geophysics},
  year = 	 2009,
  volume = 	 74,
  number = 2,
  pages = 	 {123-135}
}

@Article{Rioul1991,
  author = 	 {O[] Rioul and M[] Vetterli},
  title = 	 {Wavelets and signal processing},
  journal = 	 {IEEE Signal Processing Magazine},
  year = 	 1991,
  volume = 	 8,
  pages = 	 {14-38}
}

@inproceedings{Saha1987,
  author =       {J[] Saha},
  year =         {1987},
  title =        {Relationship between {Fourier} and instantaneous frequency},
  booktitle =    {57th Annual International Meeting},
  publisher =    {Soc. of Expl. Geophys.},
  pages =        {591}
}

@Article{Sinha2009,
  author = 	 {S[] Sinha and P[] Routh and P[] Anno},
  title = 	 {Instantaneous spectral attributes using scales in continuous-wavelet transform},
  journal = 	 {Geophysics},
  year = 	 2009,
  volume = 	 74,
  pages = 	 {WA137-WA142}
}

@Article{Sinha2005,
  author = 	 {S[] Sinha and P[] S[] Routh and P[] D[] Anno and J[] P[] Castagna},
  title = 	 {Spectral decomposition of seismic data with continuous-wavelet transform},
  journal = 	 {Geophysics},
  year = 	 2005,
  volume = 	 70,
  pages = 	 {P19-P25}
}

@Article{Steeghs2001,
  author = 	 {P[] Steeghs and G[] Drijkoningen},
  title = 	 {Seismic sequence analysis and attribute extraction using quadratic time-frequency representations},
  journal = 	 {Geophysics},
  year = 	 2001,
  volume = 	 66,
  pages = 	 {1947-1959}
}

@Article{Stockwell1996,
  author = 	 {R[] G[] Stockwell and L[] Mansinha and R[] P[] Lowe},
  title = 	 {Localization of the complex spectrum},
  journal = 	 {IEEE Transactions on Signal Processing},
  year = 	 1996,
  volume = 	 44,
  number = 4,
  pages = 	 {998-1001}
}

@Article{Tikhonov1963,
  author = 	 {A[] N[] Tikhonov},
  title = 	 {Solution of incorrectly formulated problems and the regularization method},
  journal = 	 {IEEE Transactions on Signal Processing},
  year = 	 1963,
  volume = 	 ,
  pages = 	 {1035-1038}
}

@Article{van2009,
  author = 	 {M[] van der Baan and S[] Fomel},
  title = 	 {Nonstationary phase estimation using regularized local kurtosis maximization},
  journal = 	 {Geophysics},
  year = 	 2009,
  volume = 	 74,
  pages = 	 {A75-A80}
}

@Article{Wang2007,
  author = 	 {Y[] Wang},
  title = 	 {Seismic time-frequency spectral decomposition by matching pursuit},
  journal = 	 {Geophysics},
  year = 	 2007,
  volume = 	 72,
  pages = 	 {V13-V20}
}

@Article{Wigner1932,
  author = 	 {E[] Wigner},
  title = 	 {On the quantum correction for thermodynamic equilibrium},
  journal = 	 {Physical Review},
  year = 	 1932,
  volume = 	 40,
  pages = 	 {749-759}
}

@Article{Wu2009,
  author = 	 {X[] Wu and T[] Liu},
  title = 	 {Spectral decomposition of seismic data with reassigned smoothed pseudo {Wigner-Ville} distribution},
  journal = 	 {Journal of Applied Geophysics},
  year = 	 2009,
  volume = 	 68,
  pages = 	 {386-393}
}

@Article{Youn1985,
  author = 	 {D[] H[] Youn and J[] G[] Kim},
  title = 	 {Short-time {Fourier} transform using a bank of low-pass filters},
  journal = 	 {IEEE Transactions on Acoustics, Speech, and Signal Processing},
  year = 	 1985,
  volume = 	 33,
  pages = 	 {182-185}
}

@Article{Zeng1998,
  author = 	 {H[] Zeng and M[] M[] Backus and K[] T[] Barrow and N[] Tyler},
  title = 	 {Stratal slicing, {Part} {I}: {Realistic} {3D} seismic model},
  journal = 	 {Geophysics},
  year = 	 1998,
  volume = 	 63,
  pages = 	 {502-513}
}

@Article{Zhenhua2008,
  author = 	 {H[] Zhenhua and X[] Xiaojun and B[] Lien},
  title = 	 {Numerical simulation of seismic low-frequency shadows and its application},
  journal = 	 {Applied Geophysics},
  year = 	 2008,
  volume = 	 5,
  pages = 	 {301-306}
}

@Article{Tary2014,
  author = {J[] B[] Tary and R[] H[] Herrera and J[] Han and M[] van der Baan},
  title =  {Spectral estimation-What is new? What is next?},
  journal= {Reviews of Geophysics},
  year = 2014,
  volume = 52,
  number = 4,
  pages = {723-749}
}

@Article{emd,
  author =  {Norden E. Huang and Zheng Shen and Steven R. Long and Manli C. Wu and Hsing H. Shih and Quanan Zheng and Nai-Chyuan Yen and Chi Chao Tung and Henry H. Liu},
  title =  {The empirical mode decomposition and the {Hilbert} spectrum for nonlinear and non-stationary time series analysis},
  journal =    {Proceeding of the Royal Society of London Series A}, 
  year =   1998,
  volume = 454,
  pages =  {903-995}
}

@article{eemd,
  title={Ensemble empirical mode decomposition: a noise-assisted data analysis method},
  author={Wu, Zhaohua and Huang, Norden E},
  journal={Advances in Adaptive Data Analysis},
  volume={1},
  number={1},
  pages={1--41},
  year={2009},
  publisher={World Scientific}
}

@inproceedings{ceemd,
  title = {A complete ensemble empirical mode decomposition with adaptive noise},
  author = {M[] E[] Torres and M[] A[] Colominas and G[] Schlotthauer and P[] Flandrin},
  booktitle = {IEEE International Conference on Acoustics, Speech and Signal Processing (ICASSP)},
  publisher = {IEEE},
  pages = {4144-4147},
  year = {2011},
  note = {ISBN: 978-1-4577-0538-0  ISSN:1520-6149},
  url  = {http://fich.unl.edu.ar/sinc/sinc-publications/2011/TCSF11}
}

@article{han,
author = {Han, J. and van~der~Baan, M.},
title = {Empirical mode decomposition for seismic time-frequency analysis},
journal = {Geophysics},
volume = {78},
number = {2},
pages = {O9-O19},
year = {2013},
doi = {10.1190/geo2012-0199.1},
URL = {http://library.seg.org/doi/abs/10.1190/geo2012-0199.1},
eprint = {http://library.seg.org/doi/pdf/10.1190/geo2012-0199.1}
}

@Article{daubechies,
  author =   {Ingrid Daubechies and Jianfeng Lu and Hau Tieng Wu},
  title =    {Synchrosqueezed wavelet transforms: {An} empirical mode decomposition-like tool},
  journal =      {Applied and Computational Harmonic Analysis},
  year =     2011,
  volume =   30,
  number =   2,
  pages =    {243-261}
}

@article{fomel2013,
  author={S[] Fomel},
  title = {Seismic data decomposition into spectral components using regularized nonstationary autoregression},
  journal =      {Geophysics},
  year =     2013,
  volume =   78,
  number = 6,6,6,6,6,6,
  pages =    {O69-O76}
}

@Article{yang,
  author =   {Y[] Liu and S[] Fomel},
  title =    {Seismic data interpolation beyond
              aliasing using regularized nonstationary autoregression},
  journal =      {Geophysics},
  year =     2011,
  volume =   76,
  pages =    {V69-V77}
}

@Article{emdseis,
  author={Yangkang Chen and Sergey Fomel},
  title ={{EMD}-seislet transform},
  journal={85th Annual International Meeting, SEG, Expanded Abstracts},
  year=2015,
  pages={4775-4778},
}

@Article{wencheng2015asa,
  author={W[] Yang and R[] Wang and Y[] Chen and J[] Wu and S[] Qu and J[] Yuan and S[] Gan},
  title = {Application of spectral decomposition using regularized non-stationary autoregression to random noise attenuation},
  journal={Journal of Geophysics and Engineering},
  year=2015,
  volume = 12,
  pages={175-187},
}
@Article{liuwei2016,
  author={W. Liu and S. Cao and Y. Chen},
  title = {Seismic time-frequency Analysis via Empirical Wavelet Transform
},
  journal={IEEE Geoscience and Remote Sensing Letters},
  year=2016,
  volume=13,
  number=1,
  pages={28-32},
}

@Article{yangkang2014sswt,
  author={Y[] Chen and T[] Liu and X[] Chen and J[] Li and E[] Wang},
  title = {Time-frequency analysis of seismic data using synchrosqueezing wavelet transform},
  journal={Journal of Seismic Exploration},
  volume={23},
  number=4,
  year=2014,
  pages={303-312},
}
@article{guochang,
author = {Guochang Liu and Xiaohong Chen and Jing Du and Kailong Wu},
collaboration = {},
title = {Random noise attenuation using $f$-$x$ regularized nonstationary autoregression},
publisher = {SEG},
year = {2012},
journal = {Geophysics},
volume = {77},
number = {2},
pages = {V61-V69},
keywords = {noise; processing; random; least squares},
url = {http://link.aip.org/link/?GPY/77/V61/1},
doi = {10.1190/geo2011-0117.1}
}

@Book{mallat,
  author =   {S[tephane] Mallat},
  title =    {A Wavelet Tour of Signal Processing: The Sparse Way},
  publisher =    {Academic Press},
  year =     2009
}

@article{basispursuit,
  author = {Scott Shaobing Chen and David L. Donoho and Micheal A. Saunders},
  publisher = {SIAM},
  title = {Atomic decompositon by basis pursuit},
  year = {1998},
  journal = {Society for industrial and applied mathematics},
  volume = {20},
  number = {1},
  pages = {33-61}
}

@Article{shape,
  author =   {S[] Fomel},
  title =    {Shaping regularization in geophysical-estimation
  problems},
  journal =      {Geophysics},
  pages =    {R29-R36},
  year =     2007,
  volume =   72
}

@article{Mallat1989,
 author = {Mallat, S. G.},
 title = {A Theory for Multiresolution Signal Decomposition: The Wavelet Representation},
 journal = {IEEE Trans. Pattern Anal. Mach. Intell.},
 volume = {11},
 number = {7},
 month = jul,
 year = {1989},
 pages = {674--693},
 url = {http://dx.doi.org/10.1109/34.192463},
 doi = {10.1109/34.192463},
 acmid = {67254},
 publisher = {IEEE Computer Society},
 address = {Washington, DC, USA},
 keywords = {convolutions, data compression, encoding, fractal analysis, image coding, multiresolution signal decomposition, pattern recognition, picture processing, pyramidal algorithm, quadrature mirror filters, texture discrimination, wavelet representation},
}

@article{hou,
  title={Data-driven time-frequency analysis},
  author={Hou, Thomas Y and Shi, Zuoqiang},
  journal={Applied and Computational Harmonic Analysis},
  year={2013},
  volume = {35},
  number={2},
  pages={284-308},
  publisher={Elsevier}
}

@Article{guochang2011,
author={G[] Liu and S[] Fomel and X[] Chen},
title={Time-frequency analysis of seismic data using local attributes},
journal={Geophysics},
volume=76,
number=1,
year=2011,
pages={P23-P34},
}

@Article{prony,
  author =   {R[] Prony},
  title =    {Essai exp\'{e}rimental et analytique},
  journal =      {Annuaire de l'\'{E}cole Polytechnique},
  year =     1795,
  volume =   1,
  number =   2,
  pages =    24
}

@Article{shape,
  author =   {S[] Fomel},
  title =    {Shaping regularization in geophysical-estimation
  problems},
  journal =      {Geophysics},
  pages =    {R29-R36},
  year =     2007,
  volume =   72
}

@Article{lpf,
  author =   {S[] Fomel},
  title =    {Adaptive multiple subtraction using regularized nonstationary regression},
  journal =      {Geophysics},
  year =     2009,
  volume =   74,
  pages =    {V25-V33}
}

@Article{ThomasPeter2013,
  author={Thomas Peter and Gerlind Plonka},
  title={A generalized Prony method for reconstruction of sparse sums of eigenfunctions of linear operators},
  journal={Inverse Problems},
  volume={29},
  number={2},
  pages={025001},
  url={http://stacks.iop.org/0266-5611/29/i=2/a=025001},
  year={2013},
}

@Article{Mitrofanov2015,
author = {Mitrofanov, G. and Priimenko, V.},
title = {Prony Filtering of Seismic Data},
journal = {Acta Geophys.},
year = {2015},
volume = {63},
number = {3},
pages = {652--678},
}

@Article{Oberlin2014,
    author={T[] Oberlin and S[] Meignen and V[] Perrier},
    title={The Fourier-based synchrosqueezing transform},
    journal={Proc. IEEE int. Conf. Acoust. Speech Signal Process},
    year={2014},
    pages={315-319}
}

@Article{Synchrostran,
    author={Zhonglai Huang and  Jianzhong Zhang and Tie-hu Zhao and Yunbao Sun},
    title={Synchrosqueezing S-Transform and Its Application in Seismic 
        Spectral Decomposition},
    journal={IEEE Transactions on Geoscience and Remote Sensing},
    year={2015},
    volume={54},
    number={2},
    pages={817-825}
}


@Article{Daniel2010,
    author={Daniel Potts and Manfred Tasche},
    title={Parameter estimation for exponential sums by approximate Prony method},
    journal={Signal Processing},
    year={2010},
    volume={90},
    pages={1631-1642}
}

@Article{roots,
  author = 	 {K. Toh and L.N. Trefethen},
  title = 	 {Pseudozeros of polynomials and pseudospectra
of companion matrices},
  journal = 	 {Mathematik},
  year = 	 1994,
  volume = 	 68,
  number = 3,
  pages = 	 {403-425}
}

@Article{tikhonov,
  author = 	 {A[] N[] Tikhonov},
  title = 	 {Solution of incorrectly formulated problems and the regularization method},
  journal = 	 {Sovet Math. Dokl.},
  year =  1963,
  number =	 4,
  pages =	 {1035-1038}
}

@Article{prony2003,
    author = {T. Lobos and J.Rezmer and J. Schegner},
    title = {Parameter estimation of distorted signals using Prony method},
    journal = {Power Tech Conference Proceedings},
    year = 2003,
    pages = {41-44}
}

@Article{eemd_comp,
    author={Wang Yung-Huang and Yeh Chien-Hung and Young Hsu-wen Vincent and Hu Kun and Lo Men-Tzung},
    title={On the computational complexity of the empirical mode decomposition algorithm},
    journal={Physica A: Statistical Mechanics and its Applications},
    year = {2014},
    volume={400},
    number={C},
    pages={159-167}
}
