@article{fomel2007local,
  title={Local seismic attributes},
  author={Fomel, Sergey},
  journal={Geophysics},
  volume={72},
  number={3},
  pages={A29--A33},
  year={2007},
  publisher={Society of Exploration Geophysicists}
}

@article{fomel2013repeat,
  title={Madagascar: Open-source software project for multidimensional data analysis and reproducible computational experiments},
  author={Fomel, Sergey and Sava, Paul and Vlad, Ioan and Liu, Yang and Bashkardin, Vladimir},
  journal={Journal of Open Research Software},
  volume={1},
  number={1},
  year={2013},
  publisher={Ubiquity Press}
}

@inproceedings{powell1987radial,
  title={Radial basis function for multivariable interpolation: a review},
  author={Powell, Michael JD},
  booktitle={IMA Conference on Algorithms for the Approximation of Functions ans Data, 1985},
  year={1985},
  organization={RMCS}
}

@article{henry2000pitfalls,
  title={Pitfalls in synthetics},
  author={Henry, Steve},
  journal={The Leading Edge},
  volume={19},
  number={6},
  pages={604--606},
  year={2000},
  publisher={Society of Exploration Geophysicists}
}


@incollection{bader2018correlation,
  author={Bader, Sean and Wu, Xinming and Fomel, Sergey},
  title={Missing well log estimation by multiple well-log correlation},
  publisher={80th EAGE Conference and Exhibition},
  pages={Extended Abstracts},
  year={2018}
}

@article{white1998stretch,
  title={Stretch and squeeze -- just keeping up appearances?},
  author={White, R.E.},
  journal={EAGE 60th Conference and Technical Exhibition, Leipzig},
  volume={Extended Abstract},
  pages={P138},
  year={1998}
}

@article{xue2017ppfaults,
  author = {Zhiguang Xue and Xinming Wu and Sergey Fomel},
  title = {Predictive painting across faults},
  booktitle = {SEG Technical Program Expanded Abstracts 2017},
  publisher={Society of Exploration Geophysicists},
  pages = {1907-1912},
  year = {2017},
  doi = {10.1190/segam2017-17736471.1}
}

@article{shi2017rgt,
  author = {Yunzhi Shi and Xinming Wu and Sergey Fomel},
  title = {Well-log interpolation guided by geologic distance},
  booktitle = {SEG Technical Program Expanded Abstracts 2017},
  publisher={Society of Exploration Geophysicists},
  pages = {1939-1944},
  year = {2017},
  doi = {10.1190/segam2017-17746077.1}
}

@incollection{fomel2016scattered,
  author={Sergey Fomel},
  title={Fast scattered data gridding},
  booktitle={SEG Technical Program Expanded Abstracts 2016},
  publisher={Society of Exploration Geophysicists},
  pages={4059--4063},
  year={2016},
  doi={10.1190/segam2016-13972078.1}
}

@article{wu2017models,
  title={Building 3D subsurface models conforming to seismic structural and stratigraphic features},
  author={Wu, Xinming},
  journal={Geophysics},
  volume={82},
  number={3},
  pages={IM21--IM30},
  year={2017},
  publisher={Society of Exploration Geophysicists}
}

@article{shier2004well,
  title={Well log normalization: methods and guidelines},
  author={Shier, Daniel E and others},
  journal={Petrophysics},
  volume={45},
  number={03},
  year={2004},
  publisher={Society of Petrophysicists and Well-Log Analysts}
}

@inproceedings{harbert2012,
  author  = "Harbert, W.",
  title   = "RMOTC Geodatabase",
  publisher = "SEG IQ Earth Commitee",
  year    = 2012
}

@incollection{shi2017finding,
  title={Finding an optimal well-log correlation sequence using coherence-weighted graphs},
  author={Shi, Yunzhi and Wu, Xinming and Fomel, Sergey},
  booktitle={SEG Technical Program Expanded Abstracts 2017},
  pages={1982--1987},
  year={2017},
  publisher={Society of Exploration Geophysicists}
}

@article{fomel2010predictive,
  title={Predictive painting of 3D seismic volumes},
  author={Fomel, Sergey},
  journal={Geophysics},
  volume={75},
  number={4},
  pages={A25--A30},
  year={2010},
  publisher={Society of Exploration Geophysicists}
}

@article{fomel2002applications,
  title={Applications of plane-wave destruction filters},
  author={Fomel, Sergey},
  journal={Geophysics},
  volume={67},
  number={6},
  pages={1946--1960},
  year={2002},
  publisher={Society of Exploration Geophysicists}
}

@article{chen2013accelerated,
  title={Accelerated plane-wave destruction},
  author={Chen, Zhonghuan and Fomel, Sergey and Lu, Wenkai},
  journal={Geophysics},
  volume={78},
  number={1},
  pages={V1--V9},
  year={2013},
  publisher={Society of Exploration Geophysicists}
}

@article{hale2013,
  title={Dynamic warping of seismic images},
  author={Hale, Dave},
  journal={Geophysics},
  volume={78},
  number={2},
  pages={S105--S115},
  year={2013},
  publisher={Society of Exploration Geophysicists}
}

@article{herrerab,
  title={Automatic approaches for seismic to well tying},
  author={Herrera, Roberto H and Fomel, Sergey and van der Baan, Mirko},
  journal={Interpretation},
  volume={2},
  number={2},
  pages={SD9--SD17},
  year={2014},
  publisher={Society of Exploration Geophysicists and American Association of Petroleum Geologists}
}

@article{munozhale2012,
  title={Automatically tying well logs to seismic data},
  author={Mu{\~n}oz, Andrew and Hale, Dave},
  journal={Center for Wave Phenomena, Colorado School of Mines, Golden, CO80401, USA},
  pages={253--260},
  year={2012},
  publisher={Citeseer}
}

@article{munozhale2015,
  title={Automatic simultaneous multiple well ties},
  author={Mu{\~n}oz, Andrew and Hale, Dave},
  journal={Geophysics},
  volume={80},
  number={5},
  pages={IM45--IM51},
  year={2015},
  publisher={Society of Exploration Geophysicists}
}

@article{whitesimm2003,
  title={Tutorial: Good practice in well ties},
  author={White, Roy and Simm, Rob},
  journal={First Break},
  volume={21},
  number={10},
  year={2003}
}

@article{white1998well,
  title={Well tie, fluid substitution and AVO modelling: a North Sea example},
  author={White, Roy and Simm, Rob and Xu, Shiyu},
  journal={Geophysical Prospecting},
  volume={46},
  number={3},
  pages={323--346},
  year={1998},
  publisher={Wiley Online Library}
}

@article{wucaumon2017,
  title={Simultaneous multiple well-seismic ties using flattened synthetic and real seismograms},
  author={Wu, Xinming and Caumon, Guillaume},
  journal={Geophysics},
  volume={82},
  number={1},
  pages={IM13--IM20},
  year={2017},
  publisher={Society of Exploration Geophysicists}
}

@article{hrs1999,
  title={Theory of the Strata program},
  author={Hampson-Russell},
  journal={Technical report, CGGVeritas Hampson-Russell},
  year={1999},
  publisher={CGGVeritas Hampson-Russell}
}

@article{fomel2009time,
  title={Time-lapse image registration using the local similarity attribute},
  author={Fomel, Sergey and Jin, Long},
  journal={Geophysics},
  volume={74},
  number={2},
  pages={A7--A11},
  year={2009},
  publisher={Society of Exploration Geophysicists}
}

@article{fomel2007shaping,
  title={Shaping regularization in geophysical-estimation problems},
  author={Fomel, Sergey},
  journal={Geophysics},
  volume={72},
  number={2},
  pages={R29--R36},
  year={2007},
  publisher={Society of Exploration Geophysicists}
}

@article{karimi2015image,
  title={Creating detailed subsurface models using predictive image-guided well-log interpolation},
  author={Karimi, Parvaneh and Fomel, Sergey and Zhang, Rui},
  journal={Interpretation},
  volume={5},
  number={3},
  pages={T279--T285},
  year={2017},
  publisher={Society of Exploration Geophysicists and American Association of Petroleum Geologists}
}

@inproceedings{powell1987radial,
  title={Radial basis functions for multivariable interpolation: a review},
  author={Powell, Michael JD},
  booktitle={Algorithms for approximation},
  pages={143--167},
  year={1987},
  organization={Clarendon Press}
}

@article{backus1962long,
  title={Long-wave elastic anisotropy produced by horizontal layering},
  author={Backus, George E},
  journal={Journal of Geophysical Research},
  volume={67},
  number={11},
  pages={4427--4440},
  year={1962},
  publisher={Wiley Online Library}
}

@article{marion1994scale,
  title={Scale effects on velocity dispersion: From ray to effective medium theories in stratified media},
  author={Marion, Dominique and Mukerji, Tapan and Mavko, Gary},
  journal={Geophysics},
  volume={59},
  number={10},
  pages={1613--1619},
  year={1994},
  publisher={Society of Exploration Geophysicists}
}

@article{fomel2014local,
  title={Local skewness attribute as a seismic phase detector},
  author={Fomel, Sergey and van der Baan, Mirko},
  journal={Interpretation},
  volume={2},
  number={1},
  pages={SA49--SA56},
  year={2014},
  publisher={Society of Exploration Geophysicists and American Association of Petroleum Geologists}
}

@incollection{hale2009image,
  title={Image-guided blended neighbor interpolation of scattered data},
  author={Hale, Dave},
  booktitle={SEG Technical Program Expanded Abstracts 2009},
  pages={1127--1131},
  year={2009},
  publisher={Society of Exploration Geophysicists}
}

@incollection{hale2010image,
  title={Image-guided 3D interpolation of borehole data},
  author={Hale, Dave},
  booktitle={SEG Technical Program Expanded Abstracts 2010},
  pages={1266--1270},
  year={2010},
  publisher={Society of Exploration Geophysicists}
}

@incollection{wheeler2014simultaneous,
  title={Simultaneous correlation of multiple well logs},
  author={Wheeler, Loralee and Hale, Dave},
  booktitle={SEG Technical Program Expanded Abstracts 2014},
  pages={618--622},
  year={2014},
  publisher={Society of Exploration Geophysicists}
}

@article{wu2018incremental,
  title={Incremental correlation of multiple well logs following geologically optimal neighbors},
  author={Wu, Xinming and Shi, Yunzhi and Fomel, Sergey and Li, Fangyu},
  journal={Interpretation},
  volume={6},
  number={3},
  pages={1--27},
  year={2018},
  publisher={Society of Exploration Geophysicists and American Association of Petroleum Geologists}
}

@article{smith2007method,
  title={A Method for Calculating Pseudo Sonics from E-Logs in a Clastic Geologic Setting},
  author={Smith, Joe H},
  year={2007},
  publisher={GCAGS Transactions}
}

@article{faust1953velocity,
  title={A velocity function including lithologic variation},
  author={Faust, Lawrence Yoder},
  journal={Geophysics},
  volume={18},
  number={2},
  pages={271--288},
  year={1953},
  publisher={Society of Exploration Geophysicists}
}

@article{saggaf2003estimation,
  title={Estimation of missing logs by regularized neural networks},
  author={Saggaf, MM and Nebrija, L},
  journal={AAPG bulletin},
  volume={87},
  number={8},
  pages={1377--1389},
  year={2003},
  publisher={American Association of Petroleum Geologists}
}

@article{gardner1974formation,
  title={Formation velocity and density—The diagnostic basics for stratigraphic traps},
  author={Gardner, GHF and Gardner, LW and Gregory, AR},
  journal={Geophysics},
  volume={39},
  number={6},
  pages={770--780},
  year={1974},
  publisher={Society of Exploration Geophysicists}
}

@inproceedings{berndt1994using,
  title={Using dynamic time warping to find patterns in time series.},
  author={Berndt, Donald J and Clifford, James},
  booktitle={KDD workshop},
  volume={10},
  number={16},
  pages={359--370},
  year={1994},
  organization={Seattle, WA}
}