@article{Abma95,
  author  = {R[] Abma and J[] F[] Claerbout},
  title   = {Lateral prediction for noise attenuation by t-x and f-x techniques},
  journal = {Geophysics},
  year    = 1995,
  volume  = 60,
  number  = 6,
  pages   = {1887-1896}
}

@inproceedings{Berkner98,
  author    = {K[] Berkner and R[] O[] Wells},
  booktitle = {Proc. Conf. Rec. 32nd Asilomar Conf. Signals Syst. Comput.},
  pages     = {1639-1643},
  title     = {Wavelet transforms and denoising algorithms},
  year      = 1998
}

@article{Bonar12,
  author  = {D[] Bonar and M[] D[] Sachhi},
  title   = {Denoising seismic data using the nonlocal means algorithm},
  journal = {Geophysics},
  year    = 2012,
  volume  = 77,
  number  = 1,
  pages   = {A5-A8}
}

@inproceedings{Canales84,
  author    = {L[] L[] Canales},
  booktitle = {Proc. 53rd Annu. Int. Meet., SEG, Expanded Abstracts},
  pages     = {525-527},
  title     = {Random noise reduction},
  year      = 1984
}

@article{Chen14,
  author  = {Y[] Chen and J[] Ma},
  title   = {Random noise attenuation by $f$-$x$ empirical mode decomposition predictive filtering},
  journal = {Geophysics},
  year    = 2014,
  volume  = 79,
  number  = 3,
  pages   = {V81-V91}
}

@article{Chen20,
  title   = {Seismic signal enhancement based on the low‐rank methods},
  author  = {M[in] Bai and G[uangtan] Huang and H[ang] Wang and Y[angkand] Chen},
  journal = {Geophysical Prospecting},
  volume  = 68,
  number  = 9,
  year    = 2020
}

@book{Claerbout08,
  author    = {J[] F[] Claerbout and S[ergey] Fomel},
  title     = {Image estimation by example: Geophysical soundings image construction: Multidimensional
                  autoregression},
  publisher = {Stanford University},
  address   = {Palo Alto, CA, USA},
  year      = 2008
}

@book{Claerbout76,
  title     = {Fundamentals of geophysical data processing},
  author    = {J[] F[] Claerbout},
  year      = 1976,
  address   = {NY, New York},
  publisher = {McGraw-Hill}
}

@article{Djarfour14,
  author  = {N[] Djarfour and J[] Ferahtia and F[] Babaia and K[] Baddari and E[] A[] Said and M[] Farfour},
  title   = {Seismic noise filtering based on generalized regression neural networks},
  journal = {Computers \& Geosciences},
  year    = 2014,
  volume  = 69,
  pages   = {1-9}
}

@article{Fomel10,
  author  = {S[ergey] Fomel and Y[ang] Liu},
  title   = {Seislet transform and seislet frame},
  journal = {Geophysics},
  year    = 2010,
  volume  = 75,
  number  = 3,
  pages   = {V25-V38}
}

@article{Fomel13,
  author  = {S[] Fomel and P[] Sava and I[] Vlad and Y[] Liu and V[] Bashkardin},
  title   = {Madagascar: open-source software project for multidimensional data analysis and reproducible
                  computational experiments},
  journal = {Journal of Open Research Software},
  year    = 2013,
  volume  = 1,
  number  = 1,
  pages   = {e8},
  doi     = {http://dx.doi.org/10.5334/jors.ag}
}

@inproceedings{Fomel16,
  author    = {S[] Fomel and J[] Claerbout},
  booktitle = {Proc. 85th Annu. Int. Meet., SEG, Expanded Abstracts},
  pages     = {4787-4791},
  title     = {Streaming prediction-error filters},
  year      = 2016
}

@inproceedings{Gulunay86,
  author    = {N[] G{\"u}l{\"u}nay},
  booktitle = {Proc. 56th Annu. Int. Meet., SEG, Expanded Abstracts},
  pages     = {279-281},
  title     = {Fxdecon and complex wiener prediction filter},
  year      = 1986
}

@article{Guo20,
  author    = {L[ongYu] Guo and C[ai] Liu and Y[ang] Liu and Z[hiSheng] Zheng and Q[ingHan] Wang},
  title     = {Seismic random noise attenuation based on streaming prediction filter in the f-x domain},
  publisher = {Chinese Journal of Geophysics (in Chinese)},
  year      = 2020,
  journal   = {Chinese Journal of Geophysics},
  volume    = 63,
  number    = 1,
  pages     = {329-338}
}

@article{Hager89,
  title     = {Updating the inverse of a matrix},
  author    = {W[illiam] W[] Hager},
  journal   = {SIAM review},
  volume    = 31,
  number    = 2,
  pages     = {221--239},
  year      = 1989,
  publisher = {SIAM}
}

@article{Kimiarfar16,
  author  = {R[] Kimiaefar and H[] R[] Siahkoohi and A[] R[] Hajian and A[] Kalhor},
  title   = {Seismic random noise attenuation using artificial neural network and wavelet packet analysis},
  journal = {Arabian Journal of Geosciences},
  year    = 2016,
  volume  = 9,
  number  = 3,
  pages   = 234
}

@article{Langston19,
  author  = {C[] A[] Langston and S[] M[] Mousavi},
  title   = {Separating Signal from Noise and from Other Signal Using Nonlinear Thresholding and Scale‐Time
                  Windowing of Continuous Wavelet Transforms},
  journal = {Bulletin of the Seismological Society of America},
  year    = 2019,
  volume  = 109,
  number  = 5,
  pages   = {1691-1700}
}

@article{Liu09,
  author  = {Y[] Liu and C[] Liu and D[] Wang},
  title   = {A {1D} time-varying median filter for seismic random spike-like noise elimination},
  journal = {Geophysics},
  year    = 2009,
  volume  = 74,
  number  = 1,
  pages   = {V17-V24}
}

@article{Liu10,
  author  = {Y[ang] Liu and S[ergey] Fomel},
  title   = {{OC}-seislet: Seislet transform construction with differential offset continuation},
  journal = {Geophysics},
  year    = 2010,
  volume  = 75,
  number  = 6,
  pages   = {WB235-WB245}
}

@article{Liu12,
  author  = {G[guochang] Liu and X[iaohong] Chen and J[] Du and K[] Wu},
  title   = {Random noise attenuation using f-x regularized nonstationary autoregression},
  journal = {Geophysics},
  year    = 2012,
  volume  = 77,
  number  = 2,
  pages   = {V61-V69}
}

@article{Liu13,
  author  = {Y[] K[] Liu},
  title   = {Noise reduction by vector median filtering},
  journal = {Geophysics},
  year    = 2013,
  volume  = 78,
  number  = 3,
  pages   = {V79-V87}
}

@article{Liu15vd,
  author  = {Y[ang] Liu and S[ergey] Fomel and C[ai] Liu},
  title   = {Signal and noise separation in prestack seismic data using velocity-dependent seislet transform},
  journal = {Geophysics},
  year    = 2015,
  volume  = 80,
  number  = 6,
  pages   = {WD117-WD128}
}

@article{Liug13,
  author  = {G[] Liu and X[] Chen},
  title   = {Noncausal f-x-y regularized nonstationary prediction filtering for random noise attenuation on {3D}
                  seismic data},
  journal = {Journal of Applied Geophysics},
  year    = 2013,
  volume  = 93,
  pages   = {60-66}
}

@article{Liuy18,
  author  = {Y[ang] Liu and B[ingxiu] Li},
  title   = {Streaming orthogonal prediction filter in t-x domain for random noise attenuation},
  journal = {Geophysics},
  year    = 2018,
  volume  = 83,
  number  = 4,
  pages   = {F41-F48}
}

@inproceedings{Sacchi09,
  author    = {M[] D[] Sacchi and M[] Naghizadeh},
  booktitle = {Proc. 79th Annu. Int. Meet., SEG, Expanded Abstracts},
  pages     = {3347-3351},
  title     = {Adaptive linear prediction filtering for random noise attenuation},
  year      = 2009
}

@article{Wu18,
  author  = {S[] Wu and Y[] Wang and Z[] Di and X[] Chang},
  title   = {Random noise attenuation by {3D} {Multi}-directional vector median filter},
  journal = {Journal of Applied Geophysics},
  year    = 2018,
  volume  = 159,
  pages   = {277-284}
}

@book{Yilmaz01,
  title     = {Seismic Data Analysis: Processing, Inversion, and Interpretation of Seismic Data},
  author    = {{\"O}[] Yilmaz},
  year      = 2001,
  address   = {Tulsa, OK, USA},
  publisher = {Society of Exploration Geophysicists}
}

@article{Yu07,
  author  = {Z[hou] Yu and J[ohn] Ferguson and G[eorge] McMechan and P[hil] Anno},
  title   = {{Wavelet-Radon} domain dealiasing and interpolation of seismic data},
  journal = {Geophysics},
  year    = 2007,
  volume  = 72,
  number  = 2,
  pages   = {V41-V49}
}

@article{Yu19,
  author  = {S[] Yu and J[] Ma and W[] Wang},
  title   = {Deep learning for denoising},
  journal = {Geophysics},
  year    = 2019,
  volume  = 84,
  number  = 6,
  pages   = {V333-V350}
}

@article{Zhu19,
  author  = {W[] Zhu and S[] M[] Mousavi and G[] C[] Beroza},
  title   = {Seismic signal denoising and decomposition using deep neural networks},
  journal = {IEEE Transactions on Geoscience and Remote Sensing},
  year    = 2019,
  volume  = 57,
  number  = 11,
  pages   = {9476-9488}
}
