@Article{khaidukov04,
author = {V. Khaidukov and E. Landa and T. J. Moser},
collaboration = {},
title = {Diffraction imaging by focusing-defocusing: An outlook on seismic superresolution},
publisher = {SEG},
year = {2004},
journal = {Geophysics},
volume = {69},
number = {6},
pages = {1478-1490},
keywords = {seismic waves; seismology; faulting; image processing; geophysical signal processing},
url = {http://link.aip.org/link/?GPY/69/1478/1},
doi = {10.1190/1.1836821}
}
@Book{klem-musatov94,
author = {K[] Klem-Musatov},
title = {Theory of {S}eismic {D}iffractions},
publisher = {Society of Exploration Geophysicists (Edited by Hron F. Fronta and Larry Lines)},
year = {1994},	
}
@Article{fomel07,
author = {Sergey Fomel and Evgeny Landa and M. Turhan Taner},
collaboration = {},
title = {Poststack velocity analysis by separation and imaging of seismic diffractions},
publisher = {SEG},
year = {2007},
journal = {Geophysics},
volume = {72},
issue = {6},
pages = {U89-U94},
keywords = {geophysical signal processing; seismic waves; seismology},
url = {http://link.aip.org/link/?GPY/72/U89/1},
doi = {10.1190/1.2781533}
}
@Article{taner06,
author = {M. Turhan Taner and Sergey Fomel and Evgeny Landa},
title = {Separation and imaging of seismic diffractions using plane-wave decomposition},
publisher = {SEG},
year = {2006},
journal={76th Annual International Meeting, SEG, Expanded Abstracts},
volume = {25},
pages = {2401-2405},
doi = {10.1190/1.2370017}
}
@Article{kozlov04,
author = {Evgenii Kozlov and Nikolai Barasky and Evgenii Korolev and Alexander Antonenko and Evgenii Koshchuk},
title = {Imaging scattering objects masked by specular reflections},
publisher = {SEG},
year = {2004},
journal = {74th Annual International Meeting, SEG, Expanded Abstracts},
pages = {1131-1134},
}
@Article{moser08,
author = {T[] J[] Moser and C[] B[] Howard},
title = {Diffraction imaging in depth},
year = {2008},
journal = {Geophysical Prospecting},
volume = {56},
number = {5},
pages = {627-641},
}
@Article{kanasewich88,
author = {Ernest R. Kanasewich and Suhas M. Phadke},
collaboration = {},
title = {Imaging discontinuities on seismic sections},
publisher = {SEG},
year = {1988},
journal = {Geophysics},
volume = {53},
number = {3},
pages = {334-345},
url = {http://link.aip.org/link/?GPY/53/334/1},
doi = {10.1190/1.1442467}
}
@Article{tsingas11,
author = {Constantine Tsingas and Bouchaib El Marhfoul and Sara Satti and Abdulfattah Dajani},
collaboration = {},
title = {Diffraction imaging as an interpretation tool},
publisher = {EAGE},
year = {2011},
journal = {First Break},
volume = {29},
issue = {12},
pages = {57-61},
}
@article{berkovitch09,
author = {Alex Berkovitch and Igor Belfer and Yehuda Hassin and Evgeny Landa},
title = {Diffraction imaging by multifocusing},
year = {2009},
journal = {Geophysics},
volume = {74},
issue={6},
pages = {WCA75-WCA81},
}
@Book{claerbout92,
author = {J[] Claerbout},
title = {Earth {S}oundings {A}nalysis: Processing {V}ersus {I}nversion},
publisher = {Blackwell Scientific Publications},
year = {1992},	
}
@Article{fomel02,
author = {Sergey Fomel},
collaboration = {},
title = {Applications of plane-wave destruction filters},
publisher = {SEG},
year = {2002},
journal = {Geophysics},
volume = {67},
number = {6},
pages = {1946-1960},
keywords = {seismology; seismic waves; filters; imaging; signal processing; finite difference methods; parameter estimation},
url = {http://link.aip.org/link/?GPY/67/1946/1},
doi = {10.1190/1.1527095}
}
@Article{landa08,
author = {Evgeny Landa and Sergey Fomel and Moshe Reshef},
title = {Separation, imaging, and velocity analysis of seismic diffractions using migrated dip-angle gathers},
publisher = {SEG},
year = {2008},
journal = {Expanded Abstracts 78th SEG International Convention},
pages = {2176-2180},
keywords = {attributes; common angle; diffraction; faults; migration},
url = {http://link.aip.org/link/?SGA/27/2176/1},
doi = {10.1190/1.3059318}
}
@Article{chen04,
author = {Jing Chen},
collaboration = {},
title = {Specular ray parameter extraction and stationary-phase migration},
publisher = {SEG},
year = {2004},
journal = {Geophysics},
volume = {69},
number = {1},
pages = {249-256}
}
@Article{tygel93,
author = {M[] Tygel and J[] Schleicher and P[] Hubral and C[] Hanitzsch},
title = {Multiple weights in diffraction stack migration},
publisher = {SEG},
year = {1993},
journal = {Geophysics},
volume = {59},
pages = {1820-1830}
}
@Article{marfurt98,
author = {K[] J[] Marfurt and R[] L[] Kirlin and S[] L[] Farmer and M[] S[] Bahorich},
title = {3-{D} seismic attributes using a semblance-based coherency algorithm},
publisher = {SEG},
year = {1998},
journal = {Geophysics},
volume = {63},
pages = {1150-1165}
}
@Article{marfurt06,
author = {K[] J[] Marfurt},
title = {Robust estimates of 3{D} reflector dip and azimuth},
publisher = {SEG},
year = {2006},
journal = {Geophysics},
volume = {71},
pages = {P29-P40}
}
@Article{sturzu15,
author = {Ioan Sturzu and Alexander Mihai Popovici and Tijmen Jan Moser and Sudha Sudhakar},
title = {Diffraction imaging in fractured carbonates and unconventional shales},
year = {2015},
journal = {Interpretation},
volume = {3},
issue = {1},
pages = {SF69--SF79}
}
@Article{sturzu13,
author = {Ioan Sturzu and Alexander Mihai Popovici and N. Tanushev and I. Musat
and M.A. Pelissier and T.J. Moser},
title = {Specularity Gathers for Diffraction Imaging},
year = {2013},
journal = {Expanded Abstracts 75th EAGE International Conference},
pages={We-01-03}
}
@Article{reshef09,
author = {Moshe Reshef and Evgeny Landa},
collaboration = {},
title = {Post-stack velocity analysis in the dip-angle domain using diffractions},
publisher = {SEG},
year = {2009},
journal = {Geophysical Prospecting},
volume = {57},
number = {5},
pages = {811-821}
}
@Article{klokov12,
author = {Alexander Klokov and Sergey Fomel},
title = {Separation and imaging of seismic diffractions using migrated dip-angle gathers},
publisher = {SEG},
year = {2012},
journal = {Geophysics},
volume = {77},
issue = {6},
pages = {S131-S143}
}
@Article{trad01,
author = {D[] Trad and M[] Sacchi and T[] Ulrych},
title = {A hybrid linear-hyperbolic Radon transform},
journal = {Journal of Seismic Exploration},
year = 2001,
volume = 9,
pages = {303-318}
}
@Article{klokov10b,
author = {Alexander Klokov and Reda Baina and Evgeny Landa and Pierre Thore and Issam Tarrass},
collaboration = {},
title = {Diffraction imaging for fracture detection: synthetic case study},
publisher = {SEG},
year = {2010},
journal = {SEG Technical Program Expanded Abstracts},
volume = {29},
number = {1},
pages = {3354-3358},
keywords = {diffraction; fractures; imaging; migration; Radon},
url = {http://link.aip.org/link/?SGA/29/3354/1},
doi = {10.1190/1.3513545}
}
@Article{klokov15,
author = {Alexander Klokov and Damir Irkabaev and Osareni C. Ogiesoba and Nail Munasypov},
collaboration = {},
title = {Correlation between seismic diffractions extracted from vertical seismic profiling data and borehole logging in a carbonate environment},
year = {2015},
journal = {Interpretation},
volume = {3},
number = {2},
pages = {T121–T129},
}
@Article{decker13,
author = {Luke Decker and Alexander Klokov and Sergey Fomel},
collaboration = {},
title = {Comparison of seismic diffraction imaging techniques: plane wave destruction versus apex destruction},
publisher = {SEG},
year = {2013},
journal = {SEG Technical Program Expanded Abstracts},
pages = {4054-4059},
}
@BOOK{landabook,
AUTHOR  =        {E[] Landa},
TITLE  =         {Beyond {C}onventional {S}eismic {I}maging},
PUBLISHER  =     {EAGE},
YEAR   =         {2009}
}
@article{jedlicka89,
author = {[J] Jedlicka},
collaboration = {},
title = {Stochastic normal moveout correction},
year = {1989},
journal = {Stanford {E}xploration {P}roject},
volume = {60},
pages = {165–178},
}

@ARTICLE{botelho10,
        AUTHOR = {L[] C[] L[] Botelho},
        TITLE = {A {F}eynman path integral representation for elastic wave scattering by anisotropic weakly perturbations},
        JOURNAL = {International Journal of Theoretical Physics},
        VOLUME = {49},
        PAGES = {1396-1404},
        YEAR = {2010}
}

@ARTICLE{lomax99,
        AUTHOR = {A[] Lomax},
        TITLE = {Path-summation waveforms},
        JOURNAL = {Geophysical Journal International},
        VOLUME = {138},
        PAGES = {702-716},
        YEAR = {1999}
}

@ARTICLE{landa06,
        AUTHOR = {E[] Landa and S[] Fomel and T[] J[] Moser},
        TITLE = {Path-integral seismic imaging},
        JOURNAL = {Geophysical Prospecting},
        PAGES = {491-503},
        VOLUME = {54},
        YEAR = {2006}
}
@BOOK{feynman65,
 	AUTHOR  =	 {R[] Feynman and A[] Hibbs},
 	TITLE  = 	 {Quantum {M}echanics and {P}ath {I}ntegrals},
	PUBLISHER  = 	 {McGraw-Hill Book Co.},
 	YEAR   = 	 {1965}
}
@ARTICLE{lomax99,
        AUTHOR = {A[] Lomax},
        TITLE = {Path-summation waveforms},
        JOURNAL = {Geophysical Journal International},
        VOLUME = {138},
        PAGES = {702-716},
        YEAR = {1999}
}
@ARTICLE{schlottmann99,
        AUTHOR = {R[] B[] Schlottmann},
        TITLE = {A path integral formulation of acoustic wave propagation},
        JOURNAL = {Geophysical Journal International},
        VOLUME = {137},
        PAGES = {353-363},
        YEAR = {1999}
}
@article{harlan84,
author = {William S. Harlan and Jon F. Claerbout and Fabio Rocca},
collaboration = {},
title = {Signal/noise separation and velocity estimation},
publisher = {SEG},
year = {1984},
journal = {Geophysics},
volume = {49},
number = {11},
pages = {1869-1880},
url = {http://link.aip.org/link/?GPY/49/1869/1},
doi = {10.1190/1.1441600}
}
@article{landa05,
author = {E[] Landa and M[] Reshef and V[] Khaidukov},
collaboration = {},
title = {Imaging without a velocity model by path-summation approach: this time in depth},
publisher = {EAGE},
year = {2005},
journal = {Expanded Abstracts 67th EAGE International Conference},
pages = {P011-P015}
}
@ARTICLE{novais06,
        AUTHOR = {A[] Novais and J[] Costa and J[] Schleicher},
        TITLE = {Velocity determination by image-wave remigration},
        JOURNAL = {Expanded Abstracts 68th EAGE International Conference},
        PAGES = {P157-1-4},
        YEAR = {2006}
}

@ARTICLE{shtivelman09,
        AUTHOR = {Vladimir Shtivelman and Shemer Keydar and Michael Mikenberg},
        TITLE = {Imaging near-surface inhomogeneities using weighted multipath summation},
        JOURNAL = {Near Surface Geophysics},
        PAGES = {171-177},
        YEAR = {2009}
}
@ARTICLE{keydar09,
        AUTHOR = {S[] Keydar and V[] Shtivelman and P[] Trachtman and M[] Ezersky},
        TITLE = {3{D} {P}{S}{T}{M} using weighted multipath summation for imaging shallow subsurface},
        JOURNAL = {15th European Meeting of Environmental and Engineering Geophysics},
        PAGES = {P36-P41},
        YEAR = {2009}
}
@ARTICLE{mihai15,
        AUTHOR = {A[] M[] Popovici and I[] Sturzu and T[] J[] Moser},
        TITLE = {High resolution diffraction imaging of small scale fractures in shale and carbonate reservoirs},
        JOURNAL = {14th International Congress of the Brazilian Geophysical Society},
        YEAR = {2015},
        PUBLISHER = {Sociedade Brasileira de Geofisica},
        PAGES={SPE-178538-MS} 
}
@ARTICLE{papziner98,
        AUTHOR = {U[] Papziner and Klaus-Peter Nick},
        TITLE = {Automatic detection of hyperbolas in georadargrams by slant-stack processing and migration},
        JOURNAL = {First Break},
        PAGES = {219-223},
        YEAR = {1998},
        VOLUME = {16},
        NUMBER = {6},
}
@ARTICLE{landa98,
        AUTHOR = {E[] Landa and S[] Keydar},
        TITLE = {Seismic monitoring of diffraction images for detection of local heterogeneities},
        JOURNAL = {Geophysics},
        PAGES = {1093-1100},
        YEAR = {1998},
        VOLUME = {63},
        NUMBER = {3},
}
@ARTICLE{berkovitch08,
        AUTHOR = {A[] Berkovitch and I[] Belfer and E[] Landa},
        TITLE = {Multifocusing as a method of improving subsurface imaging},
        JOURNAL = {The Leading Edge},
        PAGES = {250-256},
        YEAR = {2008},
        VOLUME = {63}
}
@ARTICLE{gelchinsky99,
        AUTHOR = {Boris Gelchinsky and Alexander Berkovitch and Shmariahu Keydar},
        TITLE = {Multifocusing homeomorphic imaging Part 1. Basic concepts and formulas},
        JOURNAL = {Journal of Applied Geophysics},
        PAGES = {229–242},
        YEAR = {1999},
        VOLUME = {42}
}
@ARTICLE{landa99,
        AUTHOR = {Evgeny Landa and Boris Gurevich and Shemer Keydar and Pinchas Trachtman},
        TITLE = {Application of multifocusing method for subsurface imaging},
        JOURNAL = {Journal of Applied Geophysics},
        PAGES = {283–300},
        YEAR = {1999},
        VOLUME = {42}
}
@ARTICLE{rauch-davies14,
        AUTHOR = {Marianne Rauch-Davies and Kostya Deev and Danil Pelman and Maria Kachkachev-Shuifer},
        TITLE = {Diffraction imaging applied to pre-existing 3{D} seismic data to map fracture corridors in an unconventional play},
        JOURNAL = {First Break},
        PAGES = {87-90},
        YEAR = {2014},
        VOLUME = {32}
}
@Article{jager01,
author = {R[] Jager and J[] Mann and G[] Höcht and P[] Hubral},
collaboration = {},
title = {Common-reflection-surface stack: Image and attributes},
publisher = {SEG},
year = {2001},
journal = {Geophysics},
volume = {66},
pages = {97–109},
doi = {10.1190/1.1444927}
}
@article{dell11,
author = {Sergius Dell and Dirk Gajewski},
collaboration = {},
title = {Common-reflection-surface-based workflow for diffraction imaging},
publisher = {SEG},
year = {2011},
journal = {Geophysics},
volume = {76},
issue = {5},
pages = {S187-S195},
keywords = {diffraction; velocity analysis; poststack; imaging},
}
@article{baykulov11,
author = {Mikhail Baykulov and Stefan Dummong and Dirk Gajewski},
collaboration = {},
title = {From time to depth with {C}{R}{S} attributes},
publisher = {SEG},
year = {2011},
journal = {Geophysics},
volume = {76},
number = {4},
pages = {S151-S155},
doi = {10.1190/1.3580607}
}
@article{landa15,
author = {Ilya Silvestrov and Reda Baina and Evgeny Landa},
title = {Poststack diffraction imaging using reverse-time migration},
publisher = {EAGE},
year = {2015},
journal = {Geophysical Prospecting},
doi = {10.1111/1365-2478.12280},
volume={64},
number={1},
pages={129-142}
}
@article{music,
author = {L[] Gelius and M[] Tygel and A[] K[] Takahata and E[] G[] Asgedom and D[] R[] Serrano},
collaboration = {},
title = {High-resolution imaging of diffractions -- {A} window-steered {M}{U}{S}{I}{C} approach},
publisher = {SEG},
year = {2013},
journal = {Geophysics},
volume = {78},
number = {6},
pages = {S255-S264},
}
@article{maciel15,
author = {[S] Maciel and R[] Biloti},
collaboration = {},
title = {Detection of Diffractions on GPR data using support vector classifiers},
publisher = {EAGE},
year = {2015},
journal = {77th EAGE Conference and Exhibition},
}
@article{decker14a,
author = {L[] Decker and A[] Klokov},
collaboration = {},
title = {Diffraction extraction by plane-wave destruction of partial images},
publisher = {SEG},
year = {2014},
journal = {SEG Technical Program Expanded Abstracts},
volume = {84},
pages = {3862-3867},
}
@article{willis06,
author = {M[] E[] Willis and D[] R[] Burns and R[] Rao and B[] Minsley and
M[] N[] Toksoz and L[] Verti},
collaboration = {},
title = {Spatial orientation and distribution of reservoir fractures from scattered 
seismic energy},
publisher = {SEG},
year = {2006},
journal = {Geophysics},
volume = {71},
number = {5},
pages = {O43-O51},
}
@article{glogovsky08,
author = {V[] Glogovsky and E[] Landa and S[] Langman and T[] J[] Moser},
collaboration = {},
title = {How correct is a velocity model?},
publisher = {SEG},
year = {2008},
journal = {SEG Technical Program Expanded Abstracts},
volume = {78},
pages = {3572–3576},
doi = {10.1190/1.3064069}
}
@article{weglein00,
author = {A[] Weglein and K[] Matson and D[] Foster and P[] Carvalho and D[] Corrigan and S[] Shaw},
collaboration = {},
title = {Imaging and inversion at depth without a velocity model: theory, concepts
and initial evaluation},
publisher = {SEG},
year = {2000},
journal = {SEG Technical Program Expanded Abstracts},
volume = {70},
pages = {1016-1019},
}
@article{weglein12a,
author = {A[] Weglein and F[] Lui and X[] Li and P[] Terenghi and E[] Kragh and J[] Mayhan and Z[] Wang and J[] Mispel and L[] Amundsen and H[] Liang and L[] Tang and S[] Hsu},
collaboration = {},
title = {Inverse scattering series direct depth imaging without the velocity model: first field direct data examples},
year = {2012},
journal = {Journal of Seismic Exploration},
volume = {21},
pages = {1-28},
}
@article{weglein12b,
author = {A[] Weglein and F[] Lui and X[] Li and P[] Terenghi and E[] Kragh and J[] Mayhan and Z[] Wang and J[] Mispel and L[] Amundsen and H[] Liang and L[] Tang and S[] Hsu},
collaboration = {},
title = {First field data examples of inverse scattering series direct depth imaging without the velocity model},
year = {2012},
journal = {SEG Technical Program Expanded Abstracts},
volume = {82},
}
@article{klokov15a,
author = {A[] Klokov and D[] Irkabaev and T[] Sharova and N[] Munasypov},
collaboration = {},
title = {Reef delineation by offset vertical seismic profiling and seismic diffractions},
year = {2015},
journal = {Journal of Seismic Exploration},
volume = {24},
pages = {135-150},
}
@Book{nolet08,
author = {G[] Nolet},
title = {A Breviary of Seismic Tomography Imaging the Interior of the {E}arth and {S}un},
publisher = {Cambridge University Press},
year = 2008,	
}
@article{landa15a,
author = {E[] Landa},
title = {Diffraction Imaging - A Tool for Detection Small Scale Subsurface Heterogeneities},
publisher = {EAGE},
year = {2015},
journal = {Expanded Abstracts 77th EAGE International Conference},
pages={WS06--A01}
}
@Article{alonaizi13,
author = {F[] Alonaizi and R[] Pevzner and A[] Bona and V[] Shulakova and B[] Gurevich},
title = {3{D} diffraction imaging of linear features and its application to seismic monitoring},
year = {2013},
journal = {Geophysical Prospecting},
volume = {61},
pages = {1206-1217},
}
@Article{aniskovich10a,
author = {E[] M[] Aniskovich},
title = {About certain problems of Multifocusing and Common Reflection Surface methods. Part 1. Framework and mathematical formalism},
year = {2010},
journal = {Seismic Survey Technologies},
number = {2},
pages = {23-37},
}
%О некоторых проблемах методов мультифокусинга и общей отражающей поверхности. Часть 1. Идеология и математический формализм
@Article{aniskovich10b,
author = {E[] M[] Aniskovich},
title = {About certain problems of Multifocusing and Common Reflection Surface methods. Part 2. Stacking and velocitites},
year = {2010},
journal = {Seismic Survey Technologies},
number = {3},
pages = {8-24},
}
%О некоторых проблемах методов мультифокусинга и общей отражающей поверхности. Часть 2. Накапливание и скорости
@article{glogovsky09,
author = {V[] Glogovsky and E[] Landa and S[] Langman and T[] J[] Moser},
collaboration = {},
title = {Validating the velocity model: the Hamburg Score},
publisher = {EAGE},
year = {2009},
journal = {First Break},
volume = {27},
pages = {77-85}
}
@ARTICLE{fomel14,
        AUTHOR = {S[] Fomel and E[] Landa},
        TITLE = {Structural uncertainty of time-migrated seismic images},
        JOURNAL = {Journal of Applied Geophysics},
        PAGES = {27-30},
        YEAR = {2014},
        VOLUME = {101}
}
@ARTICLE{fomel_2003a,
        AUTHOR = {S[] Fomel},
        TITLE = {Velocity continuation and the anatomy of residual prestack time migration},
        JOURNAL = {Geophysics},
        VOLUME = {68},
        PAGES = {1650-1661},
        YEAR = {2003}
}
@article{fomel_2003b,
        AUTHOR = {S[] Fomel},
        TITLE = {Time-migration velocity analysis by velocity continuation},
        JOURNAL = {Geophysics},
        VOLUME = {68},
        PAGES = {1662-1672},
        YEAR = {2003}
}

@Article{grasmueck15,
author = {M[] Grasmueck and T[] J[] Moser and M[] A[] Pelissier and J[] Pajchel and K[] Pomar},
title = {Diffraction signatures of fracture intersections},
year = {2015},
journal = {Interpretation},
volume = {3},
number = {1},
pages = {SF55--SF68}
}
@ARTICLE{bahorich95,
        AUTHOR = {M[] S[] Bahorich and S[] L[] Farmer},
        TITLE = {3{D} seismic discontinuity for faults and stratigraphic features: The coherence cube},
        JOURNAL = {The Leading Edge},
        PAGES = {1053-1058},
        YEAR = {1995},
        VOLUME = {14}
}
@ARTICLE{berryhill77,
        AUTHOR = {J[] R[] Berryhill},
        TITLE = {Diffraction response for nonzero separation of source and receiver},
        JOURNAL = {Geophysics},
        VOLUME = {42},
        PAGES = {1158-1176},
        YEAR = {1977}
}
@article{sun97,
 	AUTHOR  =	 {Y[] Sun},
 	TITLE  = 	 {Multiple supression using prediction-error filter},
	JOURNAL  = 	 {SEP-94: Stanford Exploration Project},
    PAGES =       {205-212},
 	YEAR   = 	 {1997},
}
@ARTICLE{Nemeth99,
        AUTHOR = {T[] Nemeth and C[] Wu and G[] T[] Schuster},
        TITLE = {Least-squares migration of incomplete reflection data},
        JOURNAL = {Geophysics},
        VOLUME = {64},
        PAGES = {208-221},
        NUMBER = {1},
        YEAR = {1999}
}
@ARTICLE{engelder09,
        AUTHOR = {[T] Engelder and [G] Lash and [R] Uzcategui},
        TITLE = {Joint sets that enhance production from Middle and Upper Devonian gas shales of the Appalachian Basin},
        JOURNAL = {AAPG Bulletin},
        VOLUME = {93},
        PAGES = {857-889},
        YEAR = {2009}
}
@ARTICLE{engelder15,
        AUTHOR = {[T] [L] Inks and [T] Engelder and [E] Jenner and [B] Golob and [J] [S] Hocum and [D] [G] O’Brien},
        TITLE = {Marcellus fracture characterization using P-wave azimuthal velocity attributes: Comparison with production and outcrop data},
        JOURNAL = {Interpretation},
        VOLUME = {3},
        NUMBER = {1},
        PAGES = {SU1-SU15},
        YEAR = {2015}
}
@ARTICLE{curtis02,
        AUTHOR = {[J] [B] Curtis},
        TITLE = {Fractured shale-gas systems},
        JOURNAL = {AAPG bulletin},
        VOLUME = {86},
        NUMBER = {11},
        PAGES = {1921-1938},
        YEAR = {2002}
}
@article{schoepp15,
  title={Multifocusing 3{D} diffraction imaging for detection of fractured zones in mudstone reservoirs: case history},
  author={Schoepp, Alana and Labont{\'e}, Stephane and Landa, Evgeny},
  journal={Interpretation},
  volume={3},
  issue={1},
  pages={SF31--SF42},
  year={2015},
  publisher={Society of Exploration Geophysicists and American Association of Petroleum Geologists}
}
@ARTICLE{warpinski09,
        AUTHOR = {[N] [R] Warpinski and [M] [J] Mayerhofer and [M] [C] Vincent and [C] [L] Cipolla and [E] [P] Lolon},
        TITLE = {Stimulating unconventional reservoirs: maximizing network growth while optimizing fracture conductivity},
        JOURNAL = {Journal of Canadian Petroleum Technology},
        VOLUME = {48},
        NUMBER = {10},
        PAGES = {39-51},
        YEAR = {2009}
}
@BOOK{maxwell14,
AUTHOR  =        {[S] Maxwell},
TITLE  =         {Microseismic {I}maging of {H}ydraulic {F}racturing: Improved {E}ngineering of {U}nconventional {S}hale {R}eservoirs},
PUBLISHER  =     {SEG},
YEAR   =         {2014}
}
@article{burnett15,
  title={Seismic diffraction interpretation at {P}iceance {C}reek},
  author={Burnett, William A and Klokov, Alexander and Fomel, Sergey and Bansal, Rishidev and Liu, Enru and Jenkinson, Tim},
  journal={Interpretation},
  volume={3},
  issue={1},
  pages={SF1--SF14},
  year={2015},
  publisher={Society of Exploration Geophysicists and American Association of Petroleum Geologists}
}
@article{rad14,
  title={Common reflection surface ({C}{R}{S}) based pre-stack diffraction separation},
  author={Rad, Parsa Bakhtiari and Schwarz, Benjamin and Vanelle, Claudia and Gajewski, Dirk},
  journal={84th Annual International Meeting, SEG, Expanded Abstracts},
  pages={4208--4212},
  year={2014},
  publisher={Society of Exploration Geophysicists}
}
@article{fomelkaz13,
  title={Non-hyperbolic common reflection surface},
  author={Fomel, Sergey and Kazinnik, Roman},
  journal={Geophysical Prospecting},
  volume={61},
  number={1},
  pages={21--27},
  year={2013},
  publisher={Wiley Online Library}
}
@article{sava05,
  title={Wave-equation migration velocity analysis by focusing diffractions and reflections},
  author={Sava, Paul C and Biondi, Biondo and Etgen, John},
  journal={Geophysics},
  volume={70},
  number={3},
  pages={U19--U27},
  year={2005},
  publisher={Society of Exploration Geophysicists}
}
@book{dubrule03,
  title={Geostatistics for seismic data integration in Earth models: 2003 Distinguished Instructor Short Course},
  author={Dubrule, Olivier},
  number={6},
  year={2003},
  publisher={SEG Books}
}
@article{haas94,
  title={Geostatical inversion-a sequential method of stochastic reservoir modelling constrined by seismic data},
  author={Haas, Andrae and Dubrule, Olivier},
  journal={First break},
  volume={12},
  number={11},
  year={1994}
}
@mastersthesis{bortoli92,
  title={Constraining reservoir models with seismic information},
  author={Bortoli, Louis-Jerome},
  year={1992},
  school={to the Department of Applied Earth Sciences.Stanford University}
}
@article{francis06,
  title={Understanding stochastic inversion: part 1},
  author={Francis, AM},
  journal={First Break},
  volume={24},
  number={11},
  year={2006}
}
@book{tarantola05,
  title={Inverse problem theory and methods for model parameter estimation},
  author={Tarantola, Albert},
  year={2005},
  publisher={siam}
}
@article{huang15,
  title={Tomographic resolution limits for diffraction imaging},
  author={Huang, Yunsong and Zhang, Dongliang and Schuster, Gerard T},
  journal={Interpretation},
  volume={3},
  number={1},
  pages={SF15--SF20},
  year={2015},
  publisher={Society of Exploration Geophysicists and American Association of Petroleum Geologists}
}
@article{huang14,
  title={Resolution limits for wave equation imaging},
  author={Huang, Yunsong and Schuster, Gerard T},
  journal={Journal of Applied Geophysics},
  volume={107},
  pages={137--148},
  year={2014},
  publisher={Elsevier}
}
@article{schuster14,
  title={Far-field superresolution by imaging of resonance scattering},
  author={Schuster, Gerard T and Huang, Yunsong},
  journal={Geophysical Journal International},
  year={2014},
  publisher={Oxford University Press (OUP)}
}
@article{sheriff91,
  title={Encyclopaedic dictionary of exploration geophysics: {S}{E}{G} Geophysical References Series 1},
  author={Sheriff, RE},
  journal={Tulsa, USA},
  pages={384},
  year={1991}
}
@book{berkhout84,
  title={Seismic resolution: a quantitative analysis of resolving power of acoustical echo techniques},
  author={Berkhout, A.J.},
  isbn={9780946631124},
  lccn={84229485},
  series={Handbook of Geophysical Exploration Series},
  url={https://books.google.com/books?id=EFnxAAAAMAAJ},
  year={1984},
  publisher={Geophysical Press}
}
@article{fomel2007shaping,
  title={Shaping regularization in geophysical-estimation problems},
  author={Fomel, Sergey},
  journal={Geophysics},
  volume={72},
  issue={2},
  pages={R29--R36},
  year={2007},
  publisher={Society of Exploration Geophysicists}
}
@article{merzlikin15,
title = {An efficient workflow for path-integral imaging of seismic diffractions},
author = {Dmitrii Merzlikin and Sergey Fomel},
journal = {85th Annual International Meeting, SEG, Expanded Abstracts},
year = {2015},
pages = {4096-4100},
}
@article{novais2008gpr,
  title={{G}{P}{R} velocity determination by image-wave remigration},
  author={Novais, Am{\'e}lia and Costa, Jess{\'e} and Schleicher, J{\"o}rg},
  journal={Journal of Applied Geophysics},
  volume={65},
  number={2},
  pages={65--72},
  year={2008},
  publisher={Elsevier}
}
@article{schleicher2004migration,
  title={Migration velocity analysis by depth image-wave remigration: first results},
  author={Schleicher, J{\"o}rg and Novais, Am{\'e}lia and Munerato, Fernando P},
  journal={Geophysical Prospecting},
  volume={52},
  number={6},
  pages={559--573},
  year={2004},
  publisher={Wiley Online Library}
}
@article{klokov2013selecting,
  title={Selecting an optimal aperture in {K}irchhoff migration using dip-angle images},
  author={Klokov, Alexander and Fomel, Sergey},
  journal={Geophysics},
  volume={78},
  issue={6},
  pages={S243--S254},
  year={2013},
  publisher={Society of Exploration Geophysicists}
}
@article{chen1999resolution,
  title={Resolution limits of migrated images},
  author={Chen, Jing and Schuster, Gerard T},
  journal={Geophysics},
  volume={64},
  number={4},
  pages={1046--1053},
  year={1999},
  publisher={Society of Exploration Geophysicists}
}
@article{ruger1998variation,
  title={Variation of P-wave reflectivity with offset and azimuth in anisotropic media},
  author={R{\"u}ger, Andreas},
  journal={Geophysics},
  volume={63},
  number={3},
  pages={935--947},
  year={1998},
  publisher={Society of Exploration Geophysicists}
}
@article{bakulin2000estimation,
  title={Estimation of fracture parameters from reflection seismic data-{P}art {I}: HTI model due to a single fracture set},
  author={Bakulin, Andrey and Grechka, Vladimir and Tsvankin, Ilya},
  journal={Geophysics},
  volume={65},
  number={6},
  pages={1788--1802},
  year={2000},
  publisher={Society of Exploration Geophysicists}
}
@article{grechka19983,
  title={3-D description of normal moveout in anisotropic inhomogeneous media},
  author={Grechka, Vladimir and Tsvankin, Ilya},
  journal={Geophysics},
  volume={63},
  number={3},
  pages={1079--1092},
  year={1998},
  publisher={Society of Exploration Geophysicists}
}
@article{holditch2006tight,
  title={Tight gas sands},
  author={Holditch, Stephen A and others},
  journal={Journal of Petroleum Technology},
  volume={58},
  number={06},
  pages={86--93},
  year={2006},
  publisher={Society of Petroleum Engineers}
}
@inproceedings{baihly2010unlocking,
  title={Unlocking the shale mystery: How lateral measurements and well placement impact completions and resultant production},
  author={Baihly, Jason David and Malpani, Raj and Edwards, Chris and Yen Han, Shim and Kok, Jeffrey Chee Leong and Tollefsen, Edward M and Wheeler, Charles Winston and others},
  booktitle={Tight Gas Completions Conference},
  year={2010},
  organization={Society of Petroleum Engineers}
}
@article{koren2011full,
  title={Full-azimuth subsurface angle domain wavefield decomposition and imaging {P}art {I}: Directional and reflection image gathers},
  author={Koren, Zvi and Ravve, Igor},
  journal={Geophysics},
  volume={76},
  issue={1},
  pages={S1--S13},
  year={2011},
  publisher={Society of Exploration Geophysicists}
}
@article{ronen2000least,
  title={Least-squares {D}{M}{O} and migration},
  author={Ronen, Shuki and Liner, Christopher L},
  journal={Geophysics},
  volume={65},
  number={5},
  pages={1364--1371},
  year={2000},
  publisher={Society of Exploration Geophysicists}
}
@ARTICLE{keydar04,
        AUTHOR = {S[] Keydar},
        TITLE = {Homeomorphic imaging using path integrals},
        JOURNAL = {Expanded Abstracts 66th EAGE International Conference},
        PAGES = {P078},
        YEAR = {2004}
}
@article{keydar2016imaging,
  title={Imaging Shallow Linear Diffractors by 3{D} Weighted Multipath Summation},
  author={Keydar, S and Mikenberg, M and Shtivelman, V and Rochlin, I},
  journal={Expanded Abstracts 78th EAGE International Conference},
  year={2016},
  pages={LHR5},
}
@ARTICLE{schleicher_costa09,
        AUTHOR = {J[] Schleicher and J[] C[] Costa},
        TITLE = {Migration velocity analysis by double path-integral migration},
        JOURNAL = {Geophysics},
        PAGES = {WCA225-WCA231},
        VOLUME = {74},
        YEAR = {2009}
}
@ARTICLE{landa04,
        AUTHOR = {E[] Landa},
        TITLE = {Imaging without a velocity model using path-summation approach},
        JOURNAL = {Expanded Abstracts 74th SEG International Convention},
        PAGES = {1016-1019},
        YEAR = {2004}
}
@ARTICLE{burnett11,
AUTHOR = {W[] Burnett and S[] Fomel and R[] Bansal},
TITLE = {Diffraction velocity analysis by path-itegral seismic imaging},
PUBLISHER = {SEG},
YEAR = {2011},
JOURNAL = {Expanded Abstracts 81st SEG International Convention},
PAGES = {3898-3902},
}
@ARTICLE{fomel94,
        AUTHOR = {S[] Fomel},
        TITLE = {Method of velocity continuation in the problem of temporal seismic migration},
        JOURNAL = {Russian Geology and Geophysics},
        VOLUME = {35},
        PAGES = {100-111},
        YEAR = {1994}
}
@incollection{claerbout86,
 	AUTHOR  =	 {J[] F[] Claerbout},
 	TITLE  = 	 {Velocity extrapolation by cascaded 15 degree migration},
	BOOKTITLE  = 	 {SEP-48: Stanford Exploration Project},
        PAGES =       {79-84},
 	YEAR   = 	 {1986},
}
@article{burnett_aniso,

	AUTHOR = {W[] Burnett and S[] Fomel},
	TITLE = {Azimuthally anisotropic 3{D} velocity continuation},
	JOURNAL = {International Journal of Geophysics, Article ID 484653},
        YEAR = {2011}
}
@ARTICLE{larner,
        AUTHOR = {K[] Larner and C[] Beasley},
        TITLE = {Cascaded migrations - Improving the accuracy of finite-difference migration},
        JOURNAL = {Geophysics},
        VOLUME = {52},
        PAGES = {618-643},
        YEAR = {1987}
}
@ARTICLE{mikulich,
        AUTHOR = {W[] Mikulich and D[] Hale},
        TITLE = {Steep-dip v(z) imaging from an ensemble of {S}tolt-like migrations},
        JOURNAL = {Geophysics},
        VOLUME = {57},
        PAGES = {51-59},
        YEAR = {1992}
}
@article{tyiasning2016comparison,
  title={A comparison of diffraction imaging to incoherence and curvature},
  author={Tyiasning, Stephanie and Merzlikin, Dmitrii and Cooke, Dennis and Fomel, Sergey},
  journal={The Leading Edge},
  volume={35},
  number={1},
  pages={86--89},
  year={2016},
  publisher={Society of Exploration Geophysicists}
}
@article{landa2012seismic,
  title={Seismic diffraction: where's the value?},
  author={Landa, Evgeny},
  journal={Expanded Abstracts 82nd SEG International Convention},
  year={2012},
  organization={Society of Exploration Geophysicists},
  pages={1-4}
}
@article{grechka19983,
  title={3-D description of normal moveout in anisotropic inhomogeneous media},
  author={Grechka, Vladimir and Tsvankin, Ilya},
  journal={Geophysics},
  volume={63},
  number={3},
  pages={1079--1092},
  year={1998},
  publisher={Society of Exploration Geophysicists}
}
@article{alkhalifah1995velocity,
  title={Velocity analysis for transversely isotropic media},
  author={Alkhalifah, Tariq and Tsvankin, Ilya},
  journal={Geophysics},
  volume={60},
  number={5},
  pages={1550--1566},
  year={1995},
  publisher={Society of Exploration Geophysicists}
}
@article{xue2015seismic,
  title={Seismic imaging of incomplete data and simultaneous-source data using least-squares reverse time migration with shaping regularization},
  author={Xue, Zhiguang and Chen, Yangkang and Fomel, Sergey and Sun, Junzhe},
  journal={Geophysics},
  volume={81},
  number={1},
  pages={S11--S20},
  year={2015},
  publisher={Society of Exploration Geophysicists}
}
@inproceedings{decker2014diffraction,
  title={Diffraction imaging and velocity analysis using oriented velocity continuation},
  author={Decker, Luke and Fomel, Sergey},
  booktitle={2014 SEG Annual Meeting},
  year={2014},
  organization={Society of Exploration Geophysicists}
}
@article{daubechies2004iterative,
  title={An iterative thresholding algorithm for linear inverse problems with a sparsity constraint},
  author={Daubechies, Ingrid and Defrise, Michel and De Mol, Christine},
  journal={Communications on Pure and Applied Mathematics},
  volume={57},
  number={11},
  pages={1413--1457},
  year={2004},
  publisher={Wiley Online Library}
}
@article{trad2003latest,
  title={Latest views of the sparse Radon transform},
  author={Trad, Daniel and Ulrych, Tadeusz and Sacchi, Mauricio},
  journal={Geophysics},
  volume={68},
  number={1},
  pages={386--399},
  year={2003},
  publisher={Society of Exploration Geophysicists},
}
@article{keys1998comparison,
  title={Comparison of seismic inversion methods on a single real data set},
  author={Keys, Robert G and Foster, Douglas John},
  year={1998},
  number={4},
  journal={Society of Exploration Geophysicists Press, Open file publications},
}
@inproceedings{klokov2012diffraction,
  title={Diffraction Imaging in the Dip-angle Domain--{V}iking {G}raben Case Study},
  author={Klokov, A and Fomel, S},
  booktitle={Expanded Abstracts 74th EAGE International Conference incorporating EUROPEC},
  year={2012},
  pages={Y025}
}
@article{merzlikin17,
author = {Dmitrii Merzlikin and Sergey Fomel},
title = {Analytical path-summation imaging of seismic diffractions},
journal = {Geophysics},
volume = {82},
issue = {1},
pages = {S51-S59},
year = {2017},
doi = {10.1190/geo2016-0140.1},
URL = {http://library.seg.org/doi/abs/10.1190/geo2016-0140.1},
eprint = {http://library.seg.org/doi/pdf/10.1190/geo2016-0140.1}
}
@article{gonzalez2016migration,
  title={Migration velocity analysis using residual diffraction moveout: a real-data example},
  author={Gonzalez, Jaime AC and de Figueiredo, Jos{\'e} JS and Coimbra, Tiago A and Schleicher, J{\"o}rg and Novais, Am{\'e}lia},
  journal={Journal of Geophysics and Engineering},
  volume={13},
  number={4},
  pages={622-633},
  year={2016},
  publisher={IOP Publishing}
}
@article{chen2015random,
  title={Random noise attenuation using local signal-and-noise orthogonalization},
  author={Chen, Yangkang and Fomel, Sergey},
  journal={Geophysics},
  volume={80},
  issue={6},
  pages={WD1--WD9},
  year={2015},
  publisher={Society of Exploration Geophysicists}
}
@article{merzlikin2016least,
  title={Least-squares path-integral diffraction imaging using sparsity constraints},
  author={Merzlikin, Dmitrii and Fomel, Sergey},
  journal={86th Annual International Meeting, SEG, Expanded Abstracts},
  year={2016},
  organization={Society of Exploration Geophysicists},
  pages={4299--4304},
}
@article{yu2016sparse,
  title={Sparse diffraction imaging method using an adaptive reweighting homotopy algorithm},
  author={Yu, Caixia and Zhao, Jingtao and Wang, Yanfei and Qiu, Zhen},
  journal={Journal of Geophysics and Engineering},
  volume={14},
  number={1},
  pages={26--40},
  year={2016},
  publisher={IOP Publishing}
}
@article{yu2016separation,
  title={Separation and imaging diffractions by a sparsity-promoting model and subspace trust-region algorithm},
  author={Yu, Caixia and Zhao, Jingtao and Wang, Yanfei and Wang, Chengxiang and Geng, Weifeng},
  journal={Geophysical Journal International},
  volume={208},
  number={3},
  pages={1756--1763},
  year={2017},
  publisher={Oxford University Press}
}
@article{yu2017seismic,
  title={Seismic detection method for small-scale discontinuities based on dictionary learning and sparse representation},
  author={Yu, Caixia and Zhao, Jingtao and Wang, Yanfei},
  journal={Journal of Applied Geophysics},
  volume={137},
  pages={55--62},
  year={2017},
  publisher={Elsevier}
}
@article{decker2017enhancing,
  title={Enhancing seismic-diffraction images using semblance-weighted least-squares migration},
  author={Decker, Luke and Merzlikin, Dmitrii and Fomel, Sergey},
  journal={87th Annual International Meeting, SEG, Expanded Abstracts},
  year={2017},
  organization={Society of Exploration Geophysicists},
  pages={5294--5299},
}
@article{fomel2007local,
  title={Local seismic attributes},
  author={Fomel, Sergey},
  journal={Geophysics},
  volume={72},
  number={3},
  pages={A29--A33},
  year={2007},
  publisher={Society of Exploration Geophysicists}
}
@article{decker2017diffraction,
  title={Diffraction imaging and time-migration velocity analysis using oriented velocity continuation},
  author={Decker, Luke and Merzlikin, Dmitrii and Fomel, Sergey},
  journal={Geophysics},
  volume={82},
  number={2},
  pages={U25--U35},
  year={2017},
  publisher={Society of Exploration Geophysicists}
}
@article{santos2016robust,
  title={Robust Time-domain Migration Velocity Analysis Methods for Initial-model Building in a Full Waveform Tomography Workflow},
  author={Santos, HB and Schleicher, J and Novais, A and Kurzmann, A and Bohlen, T},
  journal={Expanded Abstracts 78th EAGE International Conference},
  year={2016},
  pages={Tu-P1-09}
}
@article{yilmaz2001unified,
  title={A unified 3-{D} seismic workflow},
  author={Yilmaz, {\"O}z and Tanir, Irfan and Gregory, Cyril},
  journal={Geophysics},
  volume={66},
  number={6},
  pages={1699--1713},
  year={2001},
  publisher={Society of Exploration Geophysicists}
}
@BOOK{claerbout05,
 	AUTHOR  =	 {J[] F[] Claerbout},
 	TITLE  = 	 {Basic {E}arth {I}maging},
	PUBLISHER  = 	 {Stanford Exploration Project},
 	YEAR   = 	 {2005}
}
@article{ogiesoba2015diffraction,
  title={Diffraction imaging of polygonal faults within a submarine volcanic terrain, {M}averick {B}asin, {S}outh {T}exas},
  author={Ogiesoba, Osareni C and Klokov, Alexander and Hernandez, Rodolfo},
  journal={Interpretation},
  volume={3},
  number={1},
  pages={SF81--SF99},
  year={2015},
  publisher={Society of Exploration Geophysicists and American Association of Petroleum Geologists}
}
@article{hoeber2010diffractions,
  title={Diffractions--{A} {H}istorical {P}erspective},
  author={Hoeber, HC and Klem-Musatov, K and Moser, TJ and Pelissier, M},
  journal={Expanded Abstracts 72nd EAGE International Conference},
  year={2010},
  pages={G033}
}
@article{keller1962geometrical,
  title={Geometrical Theory of Diffraction},
  author={Keller, Joseph B},
  journal={Journal of the Optical Society of America},
  volume={52},
  number={2},
  pages={116--130},
  year={1962},
  publisher={Optical Society of America},
}
@article{bona2015using,
author = {A[] Bona and R[] Pevzner},
title = {Using {F}resnel Zone to Characterise and Image Different Types of Diffractors in Low {S}/{N} Situations},
publisher = {EAGE},
year = {2015},
journal = {Expanded Abstracts 77th EAGE International Conference},
pages={N116}
}
@article{bauer15,
author = {A[] Bauer and B[] Schwarz and D[] Gajewski},
title = {Zero-offset Based Prediction of Common-offset Diffraction Traveltimes},
publisher = {EAGE},
year = {2015},
journal = {Expanded Abstracts 77th EAGE International Conference},
pages = {WS06-A05}
}
@article{moser2011edge,
  title={Edge and tip diffraction imaging in three dimensions},
  author={Moser, TJ},
  journal={Expanded Abstracts 73rd EAGE International Conference incorporating EUROPEC},
  year={2011},
  pages={B020}
}
@article{merzlikin2017unconventional,
  title={Unconventional Reservoir Characterization Using Azimuthal Seismic Diffraction Imaging},
  author={Merzlikin, Dmitrii and Fomel, Sergey and Wu, Xinming and Phillips, Mason},
  year={2017},
  journal={Unconventional Resources Technology Conference (URTEC), Article ID 2695232}
}
@article{merzlikin2017diffraction,
  title={Diffraction imaging of high-resolution 3{D} {P}-cable data from the {G}ulf of {M}exico using azimuthal plane-wave destruction},
  author={Merzlikin, Dmitrii and Meckel, Timothy A and Fomel, Sergey and Sripanich, Yanadet},
  journal={First Break},
  volume={35},
  number={2},
  pages={35--41},
  year={2017}
}
@article{merzlikin2016diffraction,
  title={Diffraction imaging using azimuthal plane-wave destruction},
  author={Merzlikin, Dmitrii and Fomel, Sergey and Bona, Andrej},
  journal={86th Annual International Meeting, SEG, Expanded Abstracts},
  pages={4288--4293},
  year={2016},
  publisher={Society of Exploration Geophysicists}
}
@inproceedings{klokov2011point,
  title={Point and edge diffractions in three dimensions},
  author={Klokov, A and Baina, R and Landa, E},
  booktitle={Expanded Abstracts 73rd EAGE International Conference},
  volume={2011},
  pages={B023},
  year={2011}
}
@article{serfaty2017wavefield,
  title={Wavefield separation via principle component analysis and deep learning in the local angle domain},
  author={Serfaty, Yuval and Itan, Liron and Chase, David and Koren, Zvi},
  journal={87th Annual International Meeting, SEG, Expanded Abstracts},
  year={2017},
  organization={Society of Exploration Geophysicists},
  pages={991--995},
}
@article{landa2018diffraction,
  title={Diffraction Imaging Via Depth-Oriented Seismic Decomposition: High-Definition Characterization of Fracture Fields},
  author={Landa, E and Smirnov, K and Paleari, CM},
  journal={Third EAGE Workshop on Naturally Fractured Reservoirs},
  year={2018},
  publisher={EAGE},
  pages=NPO06,
}
@article{chen2013accelerated,
  title={Accelerated plane-wave destruction},
  author={Chen, Zhonghuan and Fomel, Sergey and Lu, Wenkai},
  journal={Geophysics},
  volume={78},
  number={1},
  pages={V1--V9},
  year={2013},
  publisher={Society of Exploration Geophysicists}
}
@article{hale2009structure,
  title={Structure-oriented smoothing and semblance},
  author={Hale, Dave},
  year={2009},
  journal={CWP Report 635}
}
@article{fehmers2003fast,
  title={Fast structural interpretation with structure-oriented filtering},
  author={Fehmers, Gijs C and H{\"o}cker, Christian FW},
  journal={Geophysics},
  volume={68},
  number={4},
  pages={1286--1293},
  year={2003},
  publisher={Society of Exploration Geophysicists}
}
@article{niccoli2015mapping,
  title={Mapping and validating lineaments},
  author={Niccoli, Matteo},
  journal={The Leading Edge},
  volume={34},
  number={8},
  pages={948--950},
  year={2015},
  publisher={Society of Exploration Geophysicists}
}
@article{liu2010nonlinear,
  title={Nonlinear structure-enhancing filtering using plane-wave prediction},
  author={Liu, Yang and Fomel, Sergey and Liu, Guochang},
  journal={Geophysical Prospecting},
  volume={58},
  number={3},
  pages={415--427},
  year={2010},
  publisher={Wiley Online Library}
}
@article{swindeman2015seismic,
  title={Seismic data interpolation using plane-wave shaping regularization},
  author={Swindeman, Ryan and Fomel, Sergey},
  journal={Expanded Abstracts 85th SEG International Convention},
  pages={3853--3858},
  year={2015},
  publisher={Society of Exploration Geophysicists}
}
@incollection{van1995estimators,
  title={Estimators for orientation and anisotropy in digitized images},
  author={Van Vliet, Lucas J and Verbeek, Piet W},
  booktitle={Proceedings of the First Annual Conference of the Advanced School for Computing and Imaging ASCI'95},
  pages={442-450},
  year={1995}
}
@inproceedings{weickert1997review,
  title={A review of nonlinear diffusion filtering},
  author={Weickert, Joachim},
  booktitle={International Conference on Scale-Space Theories in Computer Vision},
  pages={1--28},
  year={1997},
  organization={Springer}
}
@article{wu2017directional2,
  title={Directional structure tensors in estimating seismic structural and stratigraphic orientations},
  author={Wu, Xinming and Janson, Xavier},
  journal={Geophysical Journal International},
  volume={210},
  number={1},
  pages={534--548},
  year={2017},
  publisher={Oxford University Press}
}
@article{wu2017directional,
  title={Directional structure-tensor-based coherence to detect seismic faults and channels},
  author={Wu, Xinming},
  journal={Geophysics},
  volume={82},
  issue={2},
  pages={A13--A17},
  year={2017},
  publisher={Society of Exploration Geophysicists}
}
@article{phillips2017plane,
  title={Plane-wave {S}obel attribute for discontinuity enhancement in seismic images},
  author={Phillips, Mason and Fomel, Sergey},
  journal={Geophysics},
  volume={82},
  number={6},
  pages={WB63--WB69},
  year={2017},
  publisher={GeoScienceWorld}
}
@article{phillips2016structure,
  title={Structure-oriented plane-wave {S}obel filter for edge detection in seismic images},
  author={Phillips, Mason and Fomel, Sergey and Swindeman, Ryan},
  journal={Expanded Abstracts 86th SEG International Convention},
  pages={1954--1959},
  year={2016},
  publisher={Society of Exploration Geophysicists}
}
@article{meckel2016use,
  title={Use of novel high-resolution 3{D} marine seismic technology to evaluate {Q}uaternary fluvial valley development and geologic controls on shallow gas distribution, inner shelf, {G}ulf of {M}exico},
  author={Meckel, Timothy A and Mulcahy, Francis J},
  journal={Interpretation},
  volume={4},
  issue={1},
  pages={SC35--SC49},
  year={2016},
  publisher={GeoScienceWorld}
}
@article{klokov2017diffraction,
  title={Diffraction imaging for seal evaluation using ultra high resolution 3{D} seismic data},
  author={Klokov, Alexander and Trevi{\~n}o, Ram{\'o}n H and Meckel, Timothy A},
  journal={Marine and Petroleum Geology},
  volume={82},
  pages={85--96},
  year={2017},
  publisher={Elsevier}
}
@article{sgreer18,
author = {Greer, Sarah and Fomel, Sergey},
title = {Matching and merging high-resolution and legacy seismic images},
journal = {Geophysics},
volume = {83},
issue = {2},
pages = {V115--V122},
year = {2018},
doi = {10.1190/geo2017-0238.1},
}
@article{fomel2009velocity,
  title={Velocity analysis using {A}{B} semblance},
  author={Fomel, Sergey},
  journal={Geophysical Prospecting},
  volume={57},
  number={3},
  pages={311--321},
  year={2009},
  publisher={Wiley Online Library}
}
@article{dafni2017diffraction,
  title={Diffraction imaging by prestack reverse-time migration in the dip-angle domain},
  author={Dafni, Raanan and Symes, William W},
  journal={Geophysical Prospecting},
  volume={65},
  number={S1},
  pages={295--316},
  year={2017},
  publisher={Wiley Online Library}
}
@article{khoshnavaz2016diffractivity,
  title={Diffractivity--Another attribute for the interpretation of seismic data in hard rock environment, a case study},
  author={Khoshnavaz, Mohammad Javad and B{\'o}na, Andrej and Hossain, Muhammad Shahadat and Urosevic, Milovan and Chambers, Kit},
  journal={Interpretation},
  volume={4},
  number={4},
  pages={B23--B32},
  year={2016},
  publisher={Society of Exploration Geophysicists and American Association of Petroleum Geologists}
}
@article{khoshnavaz2018post,
  title={Post-stack diffraction imaging in vertical transverse isotropy media using non-hyperbolic moveout approximations},
  author={Khoshnavaz, M Javad and B{\'o}na, Andrej and Urosevic, Milovan},
  journal={Geophysical Prospecting},
  volume={66},
  number={2},
  pages={273--281},
  year={2018},
  publisher={Wiley Online Library}
}
@article{merzlikin2017oriented,
  title={Oriented anisotropy continuation using shifted hyperbola traveltime approximation},
  author={Merzlikin, Dmitry and Fomel, Sergey and Sripanich, Yanadet},
  journal={Expanded Abstracts 87th SEG International Convention},
  year={2017},
  pages={4721-4726},
  organization={Society of Exploration Geophysicists}
}
@book{yilmaz2001seismic,
  title={Seismic data analysis},
  author={Yilmaz, {\"O}zdo{\u{g}}an},
  year={2001},
  publisher={Society of Exploration Geophysicists}
}
@article{moser2009diffraction,
  title={Diffraction imaging in subsalt geometries and a new look at the scope of reflectivity},
  author={Moser, TJ},
  journal={EAGE Subsalt Imaging Workshop Cairo},
  year={2009}
}
@article{ghosh2012multiple,
  title={Multiple suppression in the t-x-p domain},
  author={Ghosh, Shaunak and Fomel, Sergey},
  journal={Expanded Abstracts 82nd SEG International Convention},
  pages={1--6},
  year={2012},
  publisher={Society of Exploration Geophysicists}
}
@article{li2016microseismic,
  title={Microseismic event localization by acoustic time reversal extrapolation},
  author={Li, Zhenhua and van der Baan, Mirko},
  journal={Geophysics},
  volume={81},
  number={3},
  pages={KS123--KS134},
  year={2016},
  publisher={Society of Exploration Geophysicists}
}
@article{protasov2017subsalt,
  title={Subsalt imaging in the presence of salt-body uncertainty},
  author={Protasov, Maxim and Kolyukhin, Dmitriy and Rostomyan, Semen and Landa, Evgeny},
  journal={The Leading Edge},
  volume={36},
  number={2},
  pages={146--150},
  year={2017},
  publisher={Society of Exploration Geophysicists}
}
@article{ryzhikov19953d,
  title={3D nonlinear inversion by entropy of image contrast optimization},
  author={Ryzhikov, Gennady and Biryulina, Marina and Hanyga, A},
  journal={Nonlinear Processes in Geophysics},
  volume={2},
  number={3/4},
  pages={228--240},
  year={1995}
}
@article{klokov2017integrated,
  title={Integrated Evaluation of {R}oseneath-{E}psilon-{M}urteree Formations, {C}ooper {B}asin, {A}ustralia to Develop an Optimal Approach for Sweet Spot Determination},
  author={Klokov, Alexander and Repnik, Alexander and Bochkarev, Vitaliy and Bochkarev, Anatoly},
  year={2017},
  journal={Unconventional Resources Technology Conference (URTEC), Article ID 2670605}
}
@article{de2017high,
  title={High resolution diffraction imaging for reliable interpretation of fracture systems},
  author={de Ribet, B and Yelin, G and Serfaty, Y and Chase, D and Kelvin, R and Koren, Z},
  journal={First Break},
  volume={35},
  number={2},
  pages={43--47},
  year={2017}
}
@article{pelissier2017interpretation,
  title={Interpretation value of diffractions and sub-specular reflections--applications on the {Z}hao {D}ong field},
  author={Pelissier, Michael and Moser, Tijmen Jan and Yu, Changhua and Lang, Jing and Sturzu, Ioan and Popovici, Alexander Mihai},
  journal={First Break},
  volume={35},
  number={2},
  pages={61--68},
  year={2017}
}
@article{koltanovsky2017enhancing,
  title={Enhancing confidence in fracture prediction through advanced seismic data processing and analysis techniques},
  author={Koltanovsky, Leonid and Korolev, Alexander and Rossiyskaya, Elena and Smirnov, Konstantin},
  journal={First Break},
  volume={35},
  number={2},
  pages={49--53},
  year={2017}
}
@article{zelewski2017diffraction,
  title={Diffraction imaging enhancement using spectral decomposition for faults, fracture zones, and collapse feature detection in a {M}iddle {E}ast carbonate field},
  author={Zelewski, Gregg and Burnett, William A and Liu, Enru and Johns, Mary and Wu, Xianyan and Zhang, Je and Skeith, Gene},
  journal={First Break},
  volume={35},
  number={2},
  pages={55--60},
  year={2017}
}
@book{klem2008edge,
  title={Edge and {T}ip diffractions: Theory and {A}pplications in {S}eismic {P}rospecting},
  author={Klem-Musatov, Kamill Davydovich and Aizenberg, Arkady M and Pajchel, Jan and Helle, Hans B},
  volume={14},
  year={2008},
  publisher={SEG Geophysical Monograph Series}
}
@Book{weickert1998anisotropic,
  title={Anisotropic diffusion in image processing},
  author={Weickert, Joachim},
  year = {1998},
  publisher = {Teubner}
}
@article{merzlikin2019least,
  title={Least-squares path-summation diffraction imaging using sparsity constraints},
  author={Merzlikin, Dmitrii and Fomel, Sergey and Sen, Mrinal K},
  journal={Geophysics},
  volume={84},
  issue={3},
  pages={S187--S200},
  year={2019},
  publisher={Society of Exploration Geophysicists}
}
@article{chambolle2010introduction,
  title={Edge-preserving and scale-dependent properties of total variation regularization},
  author={Strong, David and Chan, Tony},
  journal={Inverse Problems},
  volume={19},
  number={6},
  pages={S165-S187},
  year={2003},
  publisher={IOP Publishing}
}
@article{merzlikin2017dps,
  title={Diffraction-based migration velocity analysis using double-path summation},
  author={Merzlikin, Dmitrii and Fomel, Sergey},
  booktitle={2017 SEG International Exposition and Annual Meeting},
  year={2017},
  organization={Society of Exploration Geophysicists}
}
@article{glockner2019imaging,
  title={Imaging zero-offset {3}-{D} {P}-cable data with {C}{R}{S} method},
  author={Gl{\"o}ckner, M and Walda, J and Dell, S and Gajewski, D and Karstens, Jens and Kl{\"a}schen, Dirk and Berndt, Christian},
  journal={Geophysical Journal International},
  volume={219},
  number={3},
  pages={1876--1884},
  year={2019},
  publisher={Oxford University Press}
}
@article{foss2018examples,
  title={Examples of geology from seismic diffractions},
  author={Foss, S-K and Matias, JLL and Sollid, A and Loures, L and Pinotti, T and Brenne, EO and Wergeland, {\O} and Broch, TMO and Merten, D and Ettrich, N},
  journal={88th Annual International Meeting, SEG, Expanded Abstracts},
  pages={4141--4145},
  year={2018},
  publisher={Society of Exploration Geophysicists}
}
@article{keydar2019wave,
  title={Wave refocusing for linear diffractor using the time-reversal principle},
  author={Keydar, Shemer and Landa, Evgeny},
  journal={Geophysical Prospecting},
  volume={67},
  number={5},
  pages={1345--1353},
  year={2019}
}
@article{merzlikin2018ad,
  title={Least-squares diffraction imaging using shaping regularization by anisotropic smoothing},
  author={Merzlikin, Dmitrii and Fomel, Sergey and Wu, Xinming},
  journal={88th Annual International Meeting, SEG, Expanded Abstracts},
  pages={4326--4331},
  year={2018}
}
@article{znak2019identification,
  title={Identification and focusing of edge diffractions with wavefront attributes},
  author={Znak, Pavel and Dell, Sergius and Kashtan, Boris and Gajewski, Dirk},
  journal={89th Annual International Meeting, SEG, Expanded Abstracts},
  pages={5060--5064},
  year={2019}
}
@article{dell2019ausing,
  title={Using seismic diffractions for assessment of tectonic overprint and fault interpretation},
  author={Dell, Sergius and Hoelker, Andreas and Gajewski, Dirk},
  journal={Geophysics},
  volume={84},
  issue={1},
  pages={IM1--IM9},
  year={2019},
  publisher={Society of Exploration Geophysicists}
}
@inproceedings{dell2019azimuthal,
  title={Azimuthal {D}iffraction {I}maging: a {L}and {D}ata {E}xample from {N}orthern {S}witzerland},
  author={Dell, S and Gajewski, D and Hoelker, A},
  booktitle={81st EAGE Conference and Exhibition 2019},
  year={2019}
}
@article{schwarz2017accessing,
  title={Accessing the diffracted wavefield by coherent subtraction},
  author={Schwarz, Benjamin and Gajewski, Dirk},
  journal={Geophysical Journal International},
  volume={211},
  number={1},
  pages={45--49},
  year={2017},
  publisher={Oxford University Press}
}
@article{schwarz2019coherent,
  title={Coherent wavefield subtraction for diffraction separation},
  author={Schwarz, Benjamin},
  journal={Geophysics},
  volume={84},
  issue={3},
  pages={V157--V168},
  year={2019},
  publisher={Society of Exploration Geophysicists}
}
@article{montazeri2020improved,
  title={Improved seismic interpretation of a salt diapir by utilization of diffractions, exemplified by 2{D} reflection seismics, {D}anish sector of the {N}orth {S}ea},
  author={Montazeri, Mahboubeh and Boldreel, Lars Ole and Uldall, Anette and Nielsen, Lars},
  journal={Interpretation},
  volume={8},
  issue={1},
  pages={T77--T88},
  year={2020},
  publisher={Society of Exploration Geophysicists and American Association of Petroleum~…}
}
@inproceedings{moser2020diffraction,
  title={Diffraction imaging of the {W}isting {D}iscovery},
  author={Moser, TJ and Moskvil, LM and Angerer, E and Kobusinski, W and Pelissier, M and Orosz, J},
  booktitle={Fourth Naturally Fractured Reservoir Workshop},
  volume={2020},
  number={1},
  pages={1--5},
  year={2020},
  organization={EAGE}
}
@inproceedings{landa2019reducing,
  title={Reducing Exploration and Development Risk by Diffraction Imaging},
  author={Landa, E},
  booktitle={Progress’ 19},
  volume={2019},
  number={1},
  pages={1--5},
  year={2019},
  organization={European Association of Geoscientists \& Engineers}
}
@article{burstedde2009algorithmic,
  title={Algorithmic strategies for full waveform inversion: 1{D} experiments},
  author={Burstedde, Carsten and Ghattas, Omar},
  journal={Geophysics},
  volume={74},
  issue={6},
  pages={WCC37--WCC46},
  year={2009},
  publisher={Society of Exploration Geophysicists}
}
@article{anagaw2012edge,
  title={Edge-preserving seismic imaging using the total variation method},
  author={Anagaw, Amsalu Y and Sacchi, Mauricio D},
  journal={Journal of Geophysics and Engineering},
  volume={9},
  number={2},
  pages={138--146},
  year={2012},
  publisher={Oxford University Press}
}
@incollection{maharramov2015simultaneous,
  title={Simultaneous TV-regularized time-lapse FWI with application to field data},
  author={Maharramov*, Musa and Biondi, Biondo and Meadows, Mark},
  booktitle={SEG Technical Program Expanded Abstracts 2015},
  pages={1236--1241},
  year={2015},
  publisher={Society of Exploration Geophysicists}
}
@article{chan1999nonlinear,
  title={A nonlinear primal-dual method for total variation-based image restoration},
  author={Chan, Tony F and Golub, Gene H and Mulet, Pep},
  journal={SIAM journal on scientific computing},
  volume={20},
  number={6},
  pages={1964--1977},
  year={1999},
  publisher={SIAM}
}
@article{fomel2013madagascar,
  title={Madagascar: Open-source software project for multidimensional data analysis and reproducible computational experiments},
  author={Fomel, Sergey and Sava, Paul and Vlad, Ioan and Liu, Yang and Bashkardin, Vladimir},
  journal={Journal of Open Research Software},
  volume={1},
  number={1},
  year={2013},
  publisher={Ubiquity Press}
}