@Book{irons,
  author = { T[] Irons},
  title = { Marmousi2 Model},
  publisher = 	 {\url{http://www.ahay.org/RSF/book/data/marmousi2/paper_html}},
  year = 2005
}

@Book{yang,
  author = { P[] Yang},
  title = { A Numerical Tour of Wave Propagation},
  publisher = 	 {\url{http://www.ahay.org/RSF/book/xjtu/primer/paper_html}},
  year = 2014
}

@Book{schleicher,
  author = { K[] Schleicher},
  title = { SEG Seismic Working Workshop - Reproducible Tutorials},
  publisher = 	 {\url{http://www.ahay.org/wiki/HoustonWW2017}},
  year = 2017
}

