@Article{scons,
  author = 	 {S[] Knight},
  title = 	 {Building software with {SCons}},
  journal = 	 {Computing in Science and Engineering},
  year = 	 2005,
  volume = 	 7,
  number = 	 1,
  pages = 	 {79-88}}

@Book{make,
  author =	 {R[ichard] M[] Stallman and Roland McGrath and Paul D[] Smith},
  title = 	 {{GNU} make: {A} Program for Directing Recompilation},
  publisher = 	 {GNU Press},
  year = 	 2004
}

@Article{dubois,
  author = 	 {P[aul] F[] Dubois},
  title = 	 {Why {Johnny} Can't Build},
  journal = 	 {Computing in Science \& Engineering},
  year = 	 2003,
  volume =	 5,
  number =	 5,
  pages =	 {83--88}
}

@inproceedings{ieee,
  author =       {S[ergey] Fomel and G[illes] Hennenfent},
  title =        { Reproducible computational
  experiments using SCons},
  booktitle={32nd International Conference on Acoustics,
  Speech, and Signal Processing (ICASSP)},
  year = {2007},
  pages = {IV/1257-1260},
}
