@article{Fomel09,
  author  = {S[] Fomel},
  title   = {Adaptive multiple subtraction using regularized nonstationary regression},
  journal = {Geophysics},
  year    = 2009,
  volume  = 74,
  number  = 1,
  pages   = {V25-V33}
}

@article{Deighan97,
  author  = {A[] J[] Deighan and D[] R[] Watts},
  title   = {Ground‐roll suppression using the wavelet transform},
  journal = {Geophysics},
  year    = 1997,
  volume  = 62,
  pages   = {1896-1903}
}

@article{Corso03,
  title   = {Seismic ground roll time–frequency filtering using the gaussian wavelet transform},
  journal = {Physica A: Statistical Mechanics and its Applications},
  volume  = {318},
  number  = {3},
  pages   = {551-561},
  year    = {2003},
  issn    = {0378-4371},
  author  = {G[] Corso and P[] S[] Kuhn and L[] S[] Lucena and Z[] D[] Thomé}
}

@article{Naghizadeh18,
  author  = {M[] Naghizadeh and M[] Sacchi},
  title   = {Ground-roll attenuation using curvelet downscaling},
  journal = {Geophysics},
  year    = 2018,
  volume  = 83,
  pages   = {V185-V195}
}

@article{Trad02,
  author  = {D[] O[] Trad and T[] J[] Ulrych and M[] D[] Sachhi},
  title   = {Accurate interpolation with high‐resolution time‐variant Radon transforms},
  journal = {Geophysics},
  year    = 2002,
  volume  = 67,
  pages   = {644-656}
}

@inproceedings{Kumar09,
  author    = {V[] Kumar and F[] J[] Herrmann},
  title     = {Incoherent noise suppression with curvelet‐domain sparsity},
  booktitle = {79th Annual International Meeting},
  year      = {2009},
  publisher = {SEG, Expanded Abstracts},
  pages     = {3356-3360}
}

@article{Claerbout71,
  author  = {Claerbout, Jon F. and Johnson, Ansel G.},
  title   = {{Extrapolation of Time-Dependent Waveforms along their Path of Propagation}},
  journal = {Geophysical Journal International},
  volume  = {26},
  number  = {1-4},
  pages   = {285-293},
  year    = {1971}
}


@article{Liu18,
  author  = {Y[] Liu and B[] Li},
  title   = {Streaming orthogonal prediction filter in the t-x domain for random noise attenuation},
  journal = {Geophysics},
  year    = 2018,
  volume  = 83,
  number  = 4,
  pages   = {F41-F48}
}

@article{Yu19,
  author  = {S[] Yu and J[] Ma and W[] Wang},
  title   = {Deep learning for denoising},
  journal = {Geophysics},
  year    = 2019,
  volume  = 84,
  number  = 6,
  pages   = {V333-V350}
}

@article{Yuan20,
  author  = {Y[] Yuan and X[] Si and Y[] Zheng},
  title   = {Ground-roll attenuation using generative adversarial networks},
  journal = {Geophysics},
  year    = 2020,
  volume  = 85,
  number  = 4,
  pages   = {WA255-WA267}
}

@article{Guitton06,
  author  = {A[] Guitton},
  title   = {A pattern‐based approach for multiple removal applied to a 3D Gulf of Mexico data set},
  journal = {Geophysical prospecting},
  year    = 2006,
  volume  = 54,
  number  = 2,
  pages   = {135-152}
}

@phdthesis{Abma95,
  author = {R[ay] Abma},
  title  = {Least-squares separation of signal and noise with multidimensional filters},
  school = {Stanford University},
  year   = 1995
}

@inproceedings{Brown00,
  author    = {M[organ] Brown and R[obert] G[] Clapp},
  title     = {(t,x) domain, patern-based ground roll removal},
  booktitle = {70th Annual International Meeting},
  year      = {2000},
  publisher = {SEG, Expanded Abstracts},
  pages     = {2103-2106}
}

@inproceedings{Liu11,
  author    = {G[uochang] Liu and X[iaohong] Chen and K[] Wu},
  title     = {Random noise attenuation using nonstationary autoregression in {F-X} domain},
  booktitle = {73rd Annual International Meeting},
  year      = {2011},
  publisher = {EAGE, Expanded Abstracts},
  pages     = {P091}
}

@phdthesis{Guitton05,
  author = {A[ntoine] Guitton},
  title  = {Multidimenstion seismic noise attenuation},
  school = {Stanford University},
  year   = 2005
}

@article{Ristau01,
  author  = {J[] P[] Ristau and W[] M[] Moon},
  title   = {Adaptive filtering of random noise in {2-D} geophysical data},
  journal = {Geophysics},
  year    = 2001,
  volume  = 66,
  pages   = {342-349}
}

@article{Karsli06,
  author  = {H[akan] Karsli and D[erman] Dondurur and G[{\"u}nay] {\c C}if{\c c}i},
  title   = {Application of complex-trace analysis to seismic data for random-noise suppression and temporal resolution improvement},
  journal = {Geophysics},
  year    = 2006,
  volume  = 71,
  pages   = {V79-V86}
}

@article{Gulunay00,
  author  = {N[] G{\"u}l{\"u}nay},
  title   = {Noncausal spatial prediction filtering for random noise reduction on {3-D} poststack data},
  journal = {Geophysics},
  year    = 2000,
  volume  = 65,
  pages   = {1641-1653}
}

@article{Spitz99,
  author  = {S[] Spitz},
  title   = {Pattern recognition, spatial predictability, and subtraction of multiple events},
  journal = {The Leading Edge},
  year    = 1999,
  volume  = 18,
  pages   = {55-58}
}

@article{Claerbout00,
  author  = {J[on] F[] Claerbout and S[ergey] Fomel},
  title   = {Spitz makes a better assumption for the signal {PEF}},
  journal = {SEP report},
  year    = 2000,
  volume  = 103,
  pages   = {205-213}
}

@book{Claerbout10,
  author    = {J[on] F[] Claerbout},
  publisher = {Stanford Exploration Project, http://sepwww.stanford.edu/sep/prof/},
  title     = {Image estimation by example: {G}eophysical soundings image construction - {M}ultidimensional autoregression},
  year      = {2010}
}

@book{Claerbout92,
  author    = {J[on] F[] Claerbout},
  publisher = {Blackwell Scientific Publications},
  title     = {{Earth Soundings Analysis: Processing Versus Inversion}},
  year      = {1992}
}

@article{Hestenes52,
  author  = {M[agnus] R[] Hestenes and E[duard] Stiefel},
  title   = {Methods of conjugate gradients for solving linear systems},
  journal = {Journal of Research of the National Bureau of Standards},
  year    = 1952,
  volume  = 49,
  pages   = {409-436}
}

@article{Fomel07,
  author  = {S[ergey] Fomel},
  title   = {Shaping regularization in geophysical-estimation problems},
  journal = {Geophysics},
  year    = 2007,
  volume  = 72,
  pages   = {R29-R36}
}

@article{Fomel09,
  author  = {S[ergey] Fomel},
  title   = {Adaptive multiple subtraction using regularized nonstationary regression},
  journal = {Geophysics},
  year    = 2009,
  volume  = 74,
  pages   = {V25-V33}
}

@inproceedings{Crawley99,
  author    = {S[] Crawley and J[] F[] Claerbout and R[] Clapp},
  title     = {Interpolation with smoothly nonstationary prediction-error filters},
  booktitle = {69th Annual International Meeting},
  year      = {1999},
  publisher = {SEG, Expanded Abstracts},
  pages     = {1154-1157}
}

@inproceedings{Bednar99,
  author    = {J[] B[] Bednar and G[] H[] Neale},
  title     = {A comparison of pattern and series based multiple suppression},
  booktitle = {69th Annual International Meeting},
  year      = {1999},
  publisher = {SEG, Expanded Abstracts},
  pages     = {1056-1059}
}

@article{Fomel02,
  author  = {S[] Fomel},
  title   = {Applications of plane-wave destruction filters},
  journal = {Geophysics},
  year    = 2002,
  volume  = 67,
  pages   = {1946-1960}
}

@article{Fomel10,
  author  = {S[ergey] Fomel and Y[ang] Liu},
  title   = {Seislet transform and seislet frame},
  journal = {Geophysics},
  year    = 2010,
  volume  = {75},
  pages   = {V25-V38}
}

@article{Liu15,
  author  = {Y[ang] Liu and S[ergey] Fomel and C[ai] Liu},
  title   = {Signal and noise separation in prestack seismic data using velocity-dependent seislet transform},
  journal = {Geophysics},
  year    = 2015,
  volume  = {80},
  pages   = {WD117-WD128}
}

@inproceedings{Lu07,
  author    = {W[] Lu and J[un] Liu},
  title     = {Random noise suppression based on discrete cosine transform},
  booktitle = {77th Annual International Meeting},
  year      = {2007},
  publisher = {SEG, Expanded Abstracts},
  pages     = {2668-2672}
}

@article{Liu09,
  author  = {Y[] Liu and C[] Liu and D[] Wang},
  title   = {A {1D} time-varying median filter for seismic random, spike-like noise elimination},
  journal = {Geophysics},
  year    = 2009,
  volume  = 74,
  pages   = {V17-V24}
}

@inproceedings{Liu10b,
  author    = {Y[ang] Liu and S[ergey] Fomel},
  title     = {Trace interpolation beyond aliasing using regularized nonstationary autoregression},
  booktitle = {80th Annual International Meeting},
  year      = {2010},
  publisher = {SEG, Expanded Abstracts},
  pages     = {3662--3667}
}

@inproceedings{Canales84,
  author    = {L[] L[] Canales},
  title     = {Random noise reduction},
  booktitle = {54th Annual International Meeting},
  year      = {1984},
  publisher = {SEG, Expanded Abstracts},
  pages     = {525--527}
}

@inproceedings{Miao98,
  author    = {X[] Miao and S[] Cheadle},
  title     = {Noise attenuation with wavelet transforms},
  booktitle = {68th Annual International Meeting},
  year      = {1998},
  publisher = {SEG, Expanded Abstracts},
  pages     = {1072--1075}
}

@article{Wang99,
  title   = {Random noise attenuation using forward-backward linear prediction},
  author  = {Y[anghua] Wang},
  journal = {Journal of Seismic Exploration},
  volume  = {8},
  pages   = {133--142},
  year    = {1999}
}

@article{Liuy11,
  title   = {Seismic data interpolation beyond aliasing using regularized nonstationary autoregression},
  author  = {Y[ang] Liu and S[ergey] Fomel},
  journal = {Geophysics},
  volume  = {76},
  number  = {5},
  pages   = {V69--V77},
  year    = {2011}
}

@inproceedings{Liu10a,
  author    = {Y[ang] Liu and S[ergey] Fomel},
  title     = {Local time-frequency transform and its application to ground-roll noise attenuation},
  booktitle = {80th Annual International Meeting},
  year      = {2010},
  publisher = {SEG, Expanded Abstracts},
  pages     = {3711-3716}
}

@article{Liu13,
  title   = {Seismic data analysis using local time-frequency decomposition},
  author  = {Y[ang] Liu and S[ergey] Fomel},
  journal = {Geophysical Prospecting},
  volume  = {61},
  number  = {3},
  pages   = {516-525},
  year    = {2013}
}

@article{Neelamani08,
  author  = {R[amesh] Neelamani and A[natoly] I[] Baumstein and D[ominique] G[] Gillard and M[ohamed] T[] Hadidi and W[illiam] I[] Soroka},
  title   = {Coherent and random noise attenuation using the curvelet transform},
  journal = {The Leading Edge},
  year    = 2008,
  volume  = 27,
  pages   = {240-248}
}

@book{Yilmaz01,
  author    = {{\"{O}}[] Yilmaz},
  title     = {Seismic data analysis: {P}rocessing, inversion and interpretation of seismic data},
  publisher = {Society of Exploration Geophysics},
  year      = {2001}
}

@book{Wang16,
  author    = {Y[anghua] Wang},
  title     = {Seismic {I}nversion: {T}heory and {A}pplications},
  publisher = {Wiley Blackwell},
  year      = {2016}
}


@article{Liu99,
  author  = {X[uewei] Liu},
  title   = {Ground roll suppression using the {Karhunen-Loeve} transform},
  journal = {Geophysics},
  year    = 1999,
  volume  = 64,
  pages   = {564-566}
}

@article{Askari08,
  author  = {R[] Askari and H[] R[] Siahkoohi},
  title   = {Ground roll attenuation using the {S} and x-f-k transforms},
  journal = {Geophysical Prospecting},
  year    = 2008,
  volume  = 56,
  pages   = {105-114}
}

@inproceedings{Yarham08,
  author    = {C[arson] Yarham and F[elix] J[] Herrmann},
  booktitle = {78th Annual International Meeting},
  pages     = {2576-2580},
  publisher = {SEG, Expanded Abstracts},
  title     = {Bayesian ground-roll separation by curvelet-domain sparsity promotion},
  year      = {2008}
}

@book{Claerbout.blackwell.92,
  author    = {J[on] F[] Claerbout},
  publisher = {Blackwell Scientific Publications},
  title     = {{Earth Soundings Analysis: Processing Versus Inversion}},
  year      = {1992}
}



@book{Claerbout.fgdp.76,
  author    = {J[on] F[] Claerbout},
  publisher = {Blackwell},
  title     = {Fundamentals of Geophysical Data Processing},
  year      = {1976}
}

@book{Claerbout.blackwell.85,
  author    = {J[on] F[] Claerbout},
  publisher = {Blackwell Scientific Publications},
  title     = {{Imaging the Earth's Interior}},
  year      = {1985}
}
