@Article{su,
  author = 	 {J[ohn] W[] Stockwell},
  title = 	 {The {CWP/SU}: {Seismic} {Un*x} Package},
  journal = 	 {Computers and Geosciences},
  year = 	 1999,
  volume =	 25,
  number =	 4,
  pages =	 {415-419},
  month =	 {May}
}

@Book{taoup,
  author =	 {E[ric] S[] Raymond},
  title = 	 {The Art of {UNIX} programming},
  publisher = 	 {Addison-Wesley},
  year = 	 2004
}

@article{las,
  title={Log {ASCII} standard ({LAS}) version 3.0},
  author={Heslop, Kenneth and Karst, James and Prensky, Stephen and Schmitt, Dennis and others},
  journal={The Log Analyst},
  volume={40},
  number={06},
  year={1999},
  publisher={Society of Petrophysicists and Well-Log Analysts}
}