@Book{chandra,
  author = 	 {Rohit Chandra and Ramesh Menon and Leo Dagum and David Kohr and Dror Maydan and Jeff McDonald},
  title = 	 {Parallel Programming in {OpenMP}},
  publisher = 	 {Morgan Kaufmann},
  year = 	 2000}

@Book{chapman,
  author = 	 {Barbara Chapman and Gabriele Jost and Ruud van~der~Pas},
  title = 	 {Using {OpenMP}: {Portable} Shared Memory Parallel Programming},
  publisher = 	 {The MIT Press},
  year = 	 2007}

@Book{gropp,
  author = 	 {William Gropp and Ewing Lusk and Anthony Skjellum},
  title = 	 {Using {MPI}: {Portable} Parallel Programming with the Message-Passing Interface},
  publisher = 	 {The MIT Press},
  year = 	 2014,
  edition = 	 {3rd}}

@Book{pacheco,
  author = 	 {Peter Pacheco},
  title = 	 {Parallel Programming with {MPI}},
  publisher = 	 {Morgan Kaufmann},
  year = 	 1996}

@book{pthreads,
  title={Programming with {POSIX} threads},
  author={Butenhof, David R},
  year={1997},
  publisher={Addison-Wesley Professional}
}

@book{sanders2010cuda,
  title={CUDA by example: an introduction to general-purpose GPU programming},
  author={Sanders, Jason and Kandrot, Edward},
  year={2010},
  publisher={Addison-Wesley Professional}
}

@article{yang2014rtm,
  title={RTM using effective boundary saving: A staggered grid GPU implementation},
  author={Yang, Pengliang and Gao, Jinghuai and Wang, Baoli},
  journal={Computers \& Geosciences},
  volume={68},
  pages={64--72},
  year={2014},
  publisher={Elsevier}
}

@article{yang2015graphics,
  title={A graphics processing unit implementation of time-domain full-waveform inversion},
  author={Yang, Pengliang and Gao, Jinghuai and Wang, Baoli},
  journal={Geophysics},
  volume={80},
  number={3},
  pages={F31--F39},
  year={2015},
  publisher={Society of Exploration Geophysicists}
}

@inproceedings{monsegny2013shortest,
  title={Shortest path ray tracing on parallel GPU devices},
  author={Monsegny, Jorge and Agudelo, William},
  booktitle={2013 SEG Annual Meeting},
  year={2013},
  organization={OnePetro}
}

@article{weiss2013solving,
  title={Solving 3D anisotropic elastic wave equations on parallel GPU devices},
  author={Weiss, Robin M and Shragge, Jeffrey},
  journal={Geophysics},
  volume={78},
  number={2},
  pages={F7--F15},
  year={2013},
  publisher={Society of Exploration Geophysicists}
}

@article{wang2019cu,
  title={Cu Q-RTM: A CUDA-based code package for stable and efficient Q-compensated reverse time migration},
  author={Wang, Yufeng and Zhou, Hui and Zhao, Xuebin and Zhang, Qingchen and Zhao, Poru and Yu, Xiance and Chen, Yangkang},
  journal={Geophysics},
  volume={84},
  number={1},
  pages={F1--F15},
  year={2019},
  publisher={Society of Exploration Geophysicists}
}