@inproceedings{Albertin99,
  author =	 {U[] Albertin and H[] Jaramillo and D[] Yingst and R[] Bloor and W[] Chang and C[] Beasley and E[] Mobley},
  title = 	 {Aspects of true amplitude migration},
  booktitle =    {69th Annual International Meeting},
  year = 	 {1999},
  publisher =    {SEG, Expanded Abstracts},
  pages =        {1358-1361}
}
@Article{yangkang2017lsrtm,
  author={Yangkang Chen and Hanming Chen and Kui Xiang and Xiaohong Chen},
  title = {Preserving the discontinuities in least-squares reverse time migration of simultaneous-source data},
  journal={Geophysics},
  year=2017,
  volume=82,
  issue=3,
  number=3,
  pages={S185-S196},
}
@Article{Anderson90,
  author = 	 {R[] Anderson and G[] McMechan},
  title = 	 {Weighted stacking of seismic data using amplitude-decay rates and noise amplitudes},
  journal = 	 {Geophysicl Prospecting},
  year = 	 1990,
  volume =	 38,
  pages =	 {365-380}
}

@Article{Andrews76,
  author = 	 {H[] C[] Andrews and C[] L[] Patterson},
  title = 	 {Singular value decomposition and digital image processing},
  journal = 	 {IEEE Transactions on Acoustics, Speech, and Signal Processing},
  year = 	 1976,
  volume =	 24,
  pages =	 {26-53}
}

@Article{Audebert05,
  author = 	 {F[] L[] Audebert and P[] Froidevaux},
  title = 	 {Regularization of illumination in angle domains -- A key to true amplitude migration},
  journal = 	 {The Leading Edge},
  year = 	 2005,
  volume =	 24,
  pages =	 {643-654}
}

@book{Castagna93,
   author =       {J[] P[] Castagna and M[] M[] Backus},
   publisher =    {Society of Exploration Geophysicists},
   title =        {Offset-Dependent Reflectivity Theory and Practice of AVO Analysis},
   year =         {1993}
   pages =        {}
}

@Article{Chang96,
  author = 	 {X[] W[] Chang and Y[] J[] Guang and C[] M[] Zhang and G[] Q[] Xu},
  title = 	 {Stacking based on correlation saving frequency},
  journal = 	 {OilGeophysics Prospecting (in Chinese)},
  year = 	 1996,
  volume =	 31,
  pages =	 {110-113}
}

@Article{Chen15,
  author = 	 {Y[] Chen and T[] Liu and X[] Chen},
  title = 	 {Velocity analysis using similarity-weighted semblance},
  journal = 	 {Geophysics},
  year = 	 2015,
  volume =	 80,
  pages =	 {A75-A82}
}

@Book{Claerbout05,
  author =	 {J[on] F[] Claerbout},
  title = 	 {Basic earth imaging},
  publisher = 	 {Stanford Exploration Project, 
                 \texttt{http://sepwww.stanford.edu/sep/prof/}},
  year = 	 2005
}

@inproceedings{Compton12,
  author =	 {S[] Compton and C[] Stork},
  title = 	 {3D nonlinear stack enhancement: Correlation based stacking},
  booktitle =    {82th Annual International Meeting},
  year = 	 {2012},
  publisher =    {SEG, Expanded Abstracts},
  pages =        {1-5}
}

@Article{Donoho95,
  author = 	 {D[] L[] Donoho},
  title = 	 {De-noising by soft-thresholding},
  journal = 	 {IEEE Transactions on Information Theory},
  year = 	 1995,
  volume =	 41,
  pages =	 {613-627}
}

@Article{Fomel07a,
  author = 	 {S[ergey] Fomel},
  title = 	 {Shaping regularization in geophysical-estimation problems},
  journal = 	 {Geophysics},
  year = 	 2007,
  volume =	 72,
  pages =	 {R29-R36}
}

@Article{Fomel07b,
  author = 	 {S[ergey] Fomel},
  title = 	 {Local seismic attributes},
  journal = 	 {Geophysics},
  year = 	 2007,
  volume =	 72,
  pages =	 {A29-A33}
}

@inproceedings{Fomel05,
  author =	 {S[] Fomel and M[] Backus and K[] Fouad and B[] Hardage and G[] Winters},
  title = 	 {Amultistep approach to multicomponent seismic image registration with application to a {West} Texas carbonate reservoir study},
  booktitle =    {75th Annual International Meeting},
  year = 	 {2005},
  publisher =    {SEG, Expanded Abstracts},
  pages =        {1018-1021}
}

@inproceedings{Fomel07,
  author =	 {S[] Fomel and L[] Jin},
  title = 	 {Time-lapse image registration using the local similarity attribute},
  booktitle =    {77th Annual International Meeting},
  year = 	 {2007},
  publisher =    {SEG, Expanded Abstracts},
  pages =        {2979-2983}
}

@Article{Fomel09,
  author = 	 {S[] Fomel},
  title = 	 {Velocity analysis using {AB} semblance},
  journal = 	 {Geophysical Prospecting},
  year = 	 2009,
  volume =	 57,
  pages =	 {311-321}
}

@Article{Freire88,
  author = 	 {S[] L[] M[] Freire and T[] J[] Ulrych},
  title = 	 {Application of singular value decomposition to vertical seismic profiling},
  journal = 	 {Geophysics},
  year = 	 1988,
  volume =	 53,
  pages =	 {778-785}
}

@inproceedings{Grion98,
  author =	 {S[] Grion and A[] Mazzotti},
  title = 	 {Stacking weights determination by means of SVD and crosscorrelation},
  booktitle =    {68th Annual International Meeting},
  year = 	 {1998},
  publisher =    {SEG, Expanded Abstracts},
  pages =        {1135-1138}
}

@inproceedings{Hale06,
  author =	 {D[] Hale},
  title = 	 {Fast local crosscorrelation of images},
  booktitle =    {76th Annual International Meeting},
  year = 	 {2006},
  publisher =    {SEG, Expanded Abstracts},
  pages =        {3160-3163}
}

@Article{Hamlyn14,
  author = 	 {W[] Hamlyn},
  title = 	 {Thin beds, tuing and AVO},
  journal = 	 {Interpretation},
  year = 	 2014,
  volume =	 33,
  pages =	 {1394-1396}
}


@Article{Hu15,
  author = 	 {J[] Hu and S[ergey] Fomel and L[] Ying},
  title = 	 {A fast algorithm for 3D azimuthally anisotropic velocity scan},
  journal = 	 {Geophysical Prospecting},
  year = 	 2015,
  volume =	 63,
  pages =	 {368-377}
}

@Article{Liu09,
  author = 	 {G[] Liu and S[ergey] Fomel and L[] Jin and X[] Chen},
  title = 	 {Stacking seismic data using local correlation},
  journal = 	 {Geophysics},
  year = 	 2009,
  volume =	 74,
  pages =	 {V43-V48}
}

@inproceedings{Liu14,
  author =	 {T[] Liu and Y[] Chen and X[] Chen},
  title = 	 {Velocity analysis using similarity-weighted semblance},
  booktitle =    {84th Annual International Meeting},
  year = 	 {2014},
  publisher =    {SEG, Expanded Abstracts},
  pages =        {4837-4842}
}

@Article{Luo12,
  author = 	 {S[] Luo and D[] Hale},
  title = 	 {Velocity analysis using weighted semblance},
  journal = 	 {Geophysics},
  year = 	 2012,
  volume =	 77,
  pages =	 {U15-U22}
}

@Article{Mayne62,
  author = 	 {W[] H[] Mayne},
  title = 	 {Common reflection point horizontal data stacking techniques},
  journal = 	 {Geophysics},
  year = 	 1962,
  volume =	 27,
  pages =	 {927-938}
}

@inproceedings{Neelamani06,
  author =	 {R[] Neelamani and T[] A[] Dickens and M[] Deffenbaugh},
  title = 	 {Stack-and-denoise: {A} new method to stack seismic datasets},
  booktitle =    {76th Annual International Meeting},
  year = 	 {2006},
  publisher =    {SEG, Expanded Abstracts},
  pages =        {2827-2831}
}

@Article{Neidell71,
  author = 	 {N[] S[] Neidell and M[] T[] Taner},
  title = 	 {Semblance and other coherency measures for multichannel data},
  journal = 	 {Geophysics},
  year = 	 1971,
  volume =	 36,
  pages =	 {482-497}
}

@Article{golub1996,
  author = 	 {G[] H[] Golub and C[] F[] Van~Loan},
  title  = 	 {Matrix computations},
  journal= 	 {The Johns Hopkins University Press},
  year   = 	 1996,
}

@book{Peterson88,
   author =       {B[] J[] Peterson and D[] R[] DeGroat},
   publisher =    {Maple Press},
   title =        {{Nearly optimal, SVD-based stacking of seismic data}},
   year =         {1988}
   pages =        {858-862}
}

@book{jolliffe2010,
   author =       {I[] T[] Jolliffe},
   publisher =    {Springer},
   title =        {Principal component analysis, 2nd ed.},
   year =         {2010}
}

@Article{trickett2003,
  author={S[] R[] Trickett},
  title ={F-xy eigen image noise suppression},
  journal={Geophysics},
  year=2003,
  Volume=68,
  pages={751-759},
}
@Article{yangkang2015vel,
  author={Y[] Chen and T[] Liu and X[] Chen},
  title = {Velocity analysis using similarity-weighted semblance},
  journal={Geophysics},
  year=2015,
  volume=80,
  pages={A75-A82},
}

@Article{shuwei2016vscan,
  author={S[] Gan and Shoudong Wang and Yangkang Chen and Shan Qu and Shaohuan Zu},
  title = {Velocity analysis of simultaneous-source data using high-resolution semblance - coping with the strong noise},
  journal={Geophysical Journal International},
  year=2016,
  volume=204,
  pages={768-779},
}

@Article{yangkang2015vscan,
  author={Y[] Chen and T[] Liu and X[] Chen},
  title = {Velocity analysis using similarity-weighted semblance},
  journal={Geophysics},
  year=2015,
  volume=80,
  pages={A75-A82},
}
@book{ica2001,
   author =       {A[] Hyv\"{a}rinen  and J[] Karhunen and E[] Oja},
   publisher =    {New York: John Wiley \& Sons},
   title={Independent component analysis},
   year =         {2001}
}
@Article{liuwei2016ewt,
  author={W. Liu and S. Cao and Y. Chen},
  title = {Seismic Time-frequency Analysis via Empirical Wavelet Transform
},
  journal={IEEE Geoscience and Remote Sensing Letters},
  year=2016,
  volume=13,
  pages={28-32},
}

@article{ecker1998,
  author = {C[] Ecker and J[] Dvorkin and A[] Nur},
  title = {Sediments with gas hydrates: internal structure from seismic {AVO}},
  journal = {Geophysics},
  year = {1998},
  volume = {63},
  pages = {1659-1669}
}
@Article{wangping2014,
  author={Ping Wang and Jinghuai Gao and Zhiguo Wang},
  title = {Time-Frequency Analysis of Seismic Data Using Synchrosqueezing Transform},
  journal={IEEE Geoscience and Remote Sensing Letters},
  volume={11},
  year=2014,
  pages={2042 - 2044 },
}
@article{ecker2000,
  author = {C[] Ecker and J[] Dvorkin and A[] Nur},
  title = {Estimating the amount of gas hydrate and free gas from marine seismic data},
  journal = {Geophysics},
  year = {2000},
  volume = {65},
  pages = {565-573}
}

@Article{mada2013,
  author={Sergey Fomel and P[] Sava and I[] Vlad and Y[] Liu and V[] Bashkardin},
  title={Madagascar open-source software project},
  journal = 	 {Journal of Open Research Software},
  year = 	 2013,
  volume =	 1,
  pages =	 {e8},
}

@Article{dengpan2016,
  author={Pan Deng and Yangkang Chen and Yu Zhang and Huawei Zhou},
  title = {Weighted stacking of seismic AVO data using hybrid {AB} semblance and local similarity},
  journal={Journal of Geophysics and Engineering},
  year=2016,
  volume=13,
  pages={152-163},
}

@Article{wencheng2015stack,
  author={Wencheng Yang and Runqiu Wang and Jian Wu and Yangkang Chen and Shuwei Gan and Wei Zhong},
  title = {An efficient and effective common reflection surface stacking approach using local similarity and plane-wave flattening},
  journal={Journal of Applied Geophysics},
  year=2015,
  volume=117,
  pages={67-72},
}

@Article{yangkang2015ortho,
  author={Yangkang Chen and Sergey Fomel},
  title = {Random noise attenuation using local signal-and-noise orthogonalization},
  journal={Geophysics},
  volume=80,
  year=2015,
  number=6,
  pages={W{D}1-W{D}9},
}

@Article{fomel2007localattr,
  author={Sergey Fomel},
  title={Local seismic attributes},
  journal={Geophysics},
  year=2007,
  Volume=72,
  pages={A29-A33},
}

@Article{fomel2007shape,
  author={Sergey Fomel},
  title={Shaping regularization in geophysical-estimation problems},
  journal={Geophysics},
  year=2007,
  Volume=72,
  pages={R29-R36},
}

@Article{Rashed02,
  author = 	 {M[] Rashed and E[] Yamamoto and M[] Mitamura and S[] Toda and T[] Nishida and Y[] Terada and H[] Uda and H[] Yokota and H[] Nemoto and K[] Nakagawa},
  title = 	 {Weighted stack of shallow seismic reflection line acquired in downtown Osaka City},
  journal = 	 {Journal of Applied Geophysics},
  year = 	 2002,
  volume =	 50,
  pages =	 {231-246}
}

@Article{Rashed08,
  author = 	 {M[] Rashed},
  title = 	 {Smart stacking: A new {CMP} Stacking technique for seismic data},
  journal = 	 {The Leading Edge},
  year = 	 2008,
  volume =	 27,
  pages =	 {462-467}
}

@Article{Rashed14,
  author = 	 {M[] Rashed},
  title = 	 {50 years of stacking},
  journal = 	 {Acta Geophysics},
  year = 	 2014,
  volume =	 62,
  pages =	 {505-528}
}

@Article{Robinson70,
  author = 	 {J[] C[] Robinson},
  title = 	 {Statistically optimal stacking of seismic data},
  journal = 	 {Geophysics},
  year = 	 1970,
  volume =	 35,
  pages =	 {436-446}
}

@Article{Rutherford89,
  author = 	 {S[] R[] Rutherford and R[] H[] Williams},
  title = 	 {Amplitude-versus-offset variations in gas sands},
  journal = 	 {Geophysics},
  year = 	 1989,
  volume =	 54,
  pages =	 {680-688}
}

@Article{Sanchis11,
  author = 	 {C[] Sanchis and A[] Hanssen},
  title = 	 {Enhanced local correlation stacking method},
  journal = 	 {Geophysics},
  year = 	 2011,
  volume =	 76,
  pages =	 {V33-V45}
}

@Article{Sarkar01,
  author = 	 {D[] Sarkar and J[] P[] Castagna and W[] Lamb},
  title = 	 {{AVO} and velocity analysis},
  journal = 	 {Geophysics},
  year = 	 2001,
  volume =	 66,
  pages =	 {284-293}
}
@Article{yangkang2016emd,
  author={Yangkang Chen},
  title = {Dip-separated structural filtering using seislet thresholding and adaptive empirical mode decomposition based dip filter},
  journal={Geophysical Journal International},
  year=2016,
  volume=206,
  number=1,
  pages={457-469},
}

@Article{ron2010,
  author = 	 {Ron Rubinstein and Michael Zibulevsky and Michael Elad},
  title = 	 {Double sparsity: learning sparse dictionaries for sparse signal approximation},
  journal = 	 {IEEE Transaction on signal processing},
  year = 	 2010,
  volume =	 58,
  pages =	 {1553-1564},
}

@Article{gilles2013,
  author={J[] Gilles},
  title = {Empirical wavelet transform},
  journal={IEEE Transaction on Signal Process},
  volume={61},
  year=2013,
  pages={3999-4010},
}

@Article{torres2011,
  author = 	 {M[] E[] Torres and M[] A[] Colominas and G[] Schlotthauer and P[] Flandrin},
  title = 	 {A complete ensemble empirical mode decomposition with adaptive noise},
  journal = 	 {IEEE International Conference on Acoustics, Speech and Signal Processing (ICASSP)},
  year = 	 2011,
  pages = 	 {4144-4147}
}
@Article{pca1,
  author={Lei Zhang and R[] Lukac and X[] Wu and D[] Zhang},
  title={PCA-Based Spatially Adaptive Denoising of CFA Images for Single-Sensor Digital Cameras},
  journal={IEEE Transactions on Image Processing},
  year=2009,
  Volume=18,
  number=4,
  pages={797-812},
}

%Jianwei
@ARTICLE{jianwei2010,
  author = {Jianwei Ma and Gerlind Plonka},
  title = {The curvelet transform},
  journal = {IEEE signal processing magazine},
  year = {2010},
  volume = {27},
  pages = {118-133}
}

@Article{elad2006,
  author = 	 {M[] Elad and M[] Aharon},
  title = 	 {Image denoising via sparse and redundant representations over learned dictionaries},
  journal = 	 {IEEE Transactions on Image Processing},
  year = 	 2006,
  volume = 	 15,
  number = 	 12,
  pages = 	 {3736-3745}}
  
@Article{protter2009,
  author = 	 {M[] Protter and M[] Elad},
  title = 	 {Image sequence denoising via sparse and redundant representations},
  journal = 	 {IEEE Transaction on Image Processing},
  year = 	 2009,
  volume = 	 18,
  number = 	 1,
  pages = 	 {27-35}}

@Article{candes20062,
  author={E[] J[] Cand\`{e}s and J[] Romberg and T[] Tao},
  title={Robust uncertainty principles: Exact signal reconstruction from highly incomplete frequency information},
  journal={IEEE Transactions on Information Theory},
  year=2006,
  Volume=52,
  pages={489-509},
}

@Article{candes2010,
  author={E[] J[] Cand\`{e}s and Y Plan},
  title={A probabilistic and RIPless theory of compressed sensing},
  journal={IEEE Transactions on Information Theory},
  year=2010,
  Volume=57,
  pages={7235-7254},
}

@Article{yangkang2015orthogroll,
  author={Yangkang Chen and Shebao Jiao and Jianwei Ma and Hanming Chen and Yatong Zhou and Shuwei Gan},
  title = {Ground-Roll Noise Attenuation Using a Simple and Effective Approach Based on Local Band-Limited Orthogonalization},
  journal={IEEE Geoscience and remote sensing letters},
  year=2015,
  volume=12,
  pages={2316-2320},
}

@Article{yangkang2016wfshape,
  author={Yangkang Chen and Zhaoyu Jin},
  title = {Simultaneously removing noise and increasing resolution of seismic data using waveform shaping},
  journal={IEEE Geoscience and remote sensing letters},
  year=2015,
  volume=13,
  number=1,
  pages={102-104},
}
@Article{stockwell1996,
  author={R[] G[] Stockwell and L[] Mansinha and R[] P[] Lowe},
  title={Localization of the complex spectrum: The S transform},
  journal={IEEE Transactions on Signal Processing},
  year=1996,
  Volume=44,
  pages={998-1001},
}

@Article{allen1977,
  author={J[] B[] Allen},
  title={Short term spectral analysis, synthetic and modification by discrete fourier transform},
  journal={IEEE Trans. Acoust. Speech Signal Process},
  year=1977,
  volume=25,
  pages={235-238},
}
@Article{donoho2006,
  author={D[] L[] Donoho},
  title={Compressed sensing},
  journal={IEEE transactions on Information Theory},
  year=2006,
  Volume=52,
  pages={1289-1306},
}
  
@Article{benfeng2016,
  author={Benfeng Wang},
  title={An Amplitude Preserving S-Transform for Seismic Data Attenuation Compensation},
  journal={IEEE Signal Processing Letters},
  year=2016,
  Volume=23,
  number=9,
  pages={1155-1159},
}

@Article{Sarkar02,
  author = 	 {D[] Sarkar and R[] T[] Baumel and K[] L[] Larner},
  title = 	 {Velocity analysis in the presence of amplitude variation},
  journal = 	 {Geophysics},
  year = 	 2002,
  volume =	 67,
  pages =	 {1664-1672}
}
 @Article{stackgrsl2014,
  author={Q[] Li and Jinghuai Gao},
  title={Application of Seismic Data Stacking in Time-Frequency Domain},
  journal={IEEE Geoscience and Remote Sensing Letters},
  year=2014,
  Volume=11,
  number=9,
  pages={1484-1488},
}
@Article{liuwei2016,
  author={W. Liu and S. Cao and Y. Chen},
  title = {Seismic Time-frequency Analysis via Empirical Wavelet Transform
},
  journal={IEEE Geoscience and Remote Sensing Letters},
  year=2016,
  volume=13,
  pages={28-32},
}

@article{huang2010,
  author =	 {X[] Huang and L[] Zhang},
  title =	 {Comparison of Vector Stacking, Multi-SVMs Fuzzy Output, and Multi-SVMs Voting Methods for Multiscale VHR Urban Mapping},
  year =	 2010,
  journal =	 {IEEE Geoscience and Remote Sensing Letters},
  volume =	 7,
  number=2,
  pages =	 {261-265},
}

@article{hongbo2015,
  author =	 {Hongbo Lin and Yue Li and Haitao Ma and Baojun Yang and Jun Dai},
  title =	 {Matching-Pursuit-Based Spatial-Trace Time-Frequency Peak Filtering for Seismic Random Noise Attenuation},
  year =	 2015,
  journal =	 {IEEE Geoscience and Remote Sensing Letters},
  volume =	 12,
  pages =	 {394-398},
}

@article{yanan2014,
  author =	 {Y[] Tian and Yue Li and Baojun Yang},
  title =	 {Variable-Eccentricity Hyperbolic-Trace {TFPF} for Seismic Random Noise Attenuation},
  year =	 2014,
  journal =	 {IEEE Transactions on Geoscience and Remote Sensing},
  volume =	 52,
  pages =	 {6449-6458},
}

@article{yanhui2016,
  author =	 {Y[] Tian and Yue Li and Baojun Yang},
  title =	 {Seismic Simultaneous Source Separation via Patchwise Sparse Representation},
  year =	 2016,
  journal =	 {IEEE Transactions on Geoscience and Remote Sensing},
  volume =	 54,
  number=9,
  pages =	 {5271-5284},
}
@article{zhuang2015,
  author =	 {G[] Zhuang and Y[] Li and Y[] Liu and H[] Lin and H[] Ma and N[] Wu},
  title =	 {Varying-Window-Length {TFPF} in High-Resolution Radon Domain for Seismic Random Noise Attenuation},
  year =	 2015,
  journal =	 {IEEE Geoscience and Remote Sensing Letters},
  volume =	 12,
  pages =	 {404-408},
}

@Article{jianwei20093,
  author={J[] Ma and F[]-X L[] Dimet},
  title={Deblurring from highly incomplete measurements for remote sensing},
  journal={IEEE Transactions on Geoscience and Remote Sensing},
  year=2009,
  Volume=47,
  number=3,
  pages={792-802},
}

@Article{Schoenberger96,
  author = 	 {M[] Schoenberger},
  title = 	 {Optimum weighted stack for multiple suppression},
  journal = 	 {Geophysics},
  year = 	 1996,
  volume =	 61,
  pages =	 {891-901}
}

@inproceedings{Tang07,
  author =	 {Y[] Tang},
  title = 	 {Selective stacking in the reflection-angle and azimuth domain},
  booktitle =    {77th Annual International Meeting},
  year = 	 {2007},
  publisher =    {SEG, Expanded Abstracts},
  pages =        {2320-2324}
}

@Article{,
  author={Ping Wang and Jinghuai Gao and Zhiguo Wang},
  title = {Time-Frequency Analysis of Seismic Data Using Synchrosqueezing Transform},
  journal={IEEE Geoscience and Remote Sensing Letters},
  volume={11},
  year=2014,
  pages={2042 - 2044 },
}

@Article{duqian2007,
  author={Qian Du and J[] Fowler},
  title = {Hyperspectral Image Compression Using JPEG2000 and Principal Component Analysis},
  journal={IEEE Geoscience and Remote Sensing Letters},
  volume={4},
  year=2007,
  number=2,
  pages={201-205},
}

@Article{farrell2005,
  author={M[] Farrell and R[] M[] Mersereau},
  title = {On the impact of PCA dimension reduction for hyperspectral detection of difficult targets},
  journal={IEEE Geoscience and Remote Sensing Letters},
  volume={2},
  year=2005,
  number=2,
  pages={192-195},
}
@Article{Taner69,
  author = 	 {M[] T[] Taner and F[] Koehler},
  title = 	 {Velocity spectra—Digital computer derivation and applications of velocity functions},
  journal = 	 {Geophysics},
  year = 	 1969,
  volume =	 234,
  pages =	 {859-881}
}

@inproceedings{Trickett07,
  author =	 {S[] Trickett},
  title = 	 {Maximum-likelihood-estimation stacking},
  booktitle =    {77th Annual International Meeting},
  year = 	 {2007},
  publisher =    {SEG, Expanded Abstracts},
  pages =        {2640-2643}
}

@book{Yilmaz01,
   author =       {O[] Yilmaz},
   publisher =    {SEG},
   title =        {{Seismic data analysis: Processing, inversion, and interpretation of seismic data}},
   year =         {2001}
}

@Article{Zhang06,
  author = 	 {S[] Zhang and Y[] Xu},
  title = 	 {Higher-order correlative stacking for seismic data in the wavelet domain},
  journal = 	 {Chinese Journal of Geophysics (in Chinese)},
  year = 	 2006,
  volume =	 49,
  pages =	 {554-560}
}

@Article{Zhang14,
  author = 	 {G[] Zhang and X[] Tuo and K[] Wang and B[] Li and M[] Liu},
  title = 	 {Two-dimensional weighted stack determination using signal-to-noise ratios and probability statistics},
  journal = 	 {Acta Geodaetica et Geophysica},
  year = 	 2014,
  volume =	 49,
  pages =	 {431-440}
}
@Article{fomel2007localattr,
  author={Sergey Fomel},
  title={Local seismic attributes},
  journal={Geophysics},
  year=2007,
  Volume=72,
  pages={A29-A33},
}
@Article{yangkang2015ortho,
  author={Yangkang Chen and Sergey Fomel},
  title = {Random noise attenuation using local signal-and-noise orthogonalization},
  journal={Geophysics},
  volume=80,
  year=2015,
  pages={WD1-WD9},
}


@Article{guochang2009,
author={G[] Liu and S[] Fomel and L[] Jin and X[] Chen},
title={Stacking seismic data using local correlation},
journal={Geophysics},
volume=74,
year=2009,
pages={V43-V48}
}
@inproceedings{Zou00,
  author =	 {K[] S[] Zou and L[] Morley},
  title = 	 {Delineation of Class-II Gas Sands With Robust Seismic Attributes},
  booktitle =    {70th Annual International Meeting},
  year = 	 {2000},
  publisher =    {SEG, Expanded Abstracts},
  pages =        {2194-2197}
}

@Article{donoho1995,
  author={D[] L[] Donoho},
  title={De-noising by soft-thresholding},
  journal={IEEE transactions on information theory},
  year=1995,
  Volume=41,
  pages={613-627},
}

@Article{fomel2007localattr,
  author={Sergey Fomel},
  title={Local seismic attributes},
  journal={Geophysics},
  year=2007,
  Volume=72,
  pages={A29-A33},
}
