

@BOOK{FGDP,
     author = "Claerbout, J.",
     title= "Fundamentals of {G}eophysical {D}ata {P}rocessing",
     publisher = "Blackwell Scientific Publications",
     year = "1976"}

@BOOK{GEE,
     author = "Claerbout, J. and Fomel, S.",
     title= "{I}mage {E}stimation by {E}xample: {G}eophysical {S}oundings {I}mage {C}onstruction",
     publisher = "Class notes, http://sepwww.stanford.edu/sep/prof/index.html",
     year = "2012"}
