@PhdThesis{abma01,
  author = {R[] Abma},
  title = {Least-squares separation of signal and noise using multidimensional filters},
  school = {Stanford University},
  year = {2001},
}

@ARTICLE{abma06,
  author = {R[] Abma and N[] Kabir},
  title = {3{D} interpolation of seismic data with a {P}{O}{C}{S} algorithm},
  journal = {Geophysics},
  year = {2006},
  volume = {71},
  pages = {E91--E97},
}
@ARTICLE{abma09,
  author = {R[] Abma},
  title = {Issues in multidimensional interpolation},
  journal = {SEG Annual Meeting},
  year = {2009},
  pages = {1152--1156},
}

@Article{aqrawi,
  author = {A[] A[] Aqrawi and T[] H[] Boe},
  title = {Improved fault segmentation using a dip guided and modified {3D} {Sobel} filter},
  year = {2011},
  journal = {SEG Annual Meeting},
}

@Article{bahorich,
  author = {M[] Bahorich and S[] Farmer},
  title = {{3-D} seismic discontinuity for faults and stratigraphic features: {The} coherence cube},
  year = {1995},
  journal = {The Leading Edge},
  volume = {14},
  pages = {1053--1058},
}

@ARTICLE{bauschke93,
  author = {H. H[] Bauschke and J. M[] Borwein},
  title = {On the convergence of von {N}eumann's alternating projection algorithm for two sets},
  journal = {Set-Valued Analysis},
  year = {1993},
  volume = {1},
  issue = {2},
  pages = {185--212},
}
@ARTICLE{bauschke96,
  author = {H. H[] Bauschke and J. M[] Borwein},
  title = {On projection algorithms for solving convex feasibility problems},
  journal = {SIAM review},
  year = {1996},
  volume = {38},
  issue = {3},
  pages = {367--426},
}

@ARTICLE{boreham91,
  author = {D[] Boreham and J[] Kingston and P[] Shaw and J[] van Zeelsi},
  title = {3-{D} {M}arine {S}eismic {D}ata {P}rocessing},
  journal = {Oilfield Review},
  year = {1991},
  pages = {41--55},
}

@ARTICLE{chen13a,
  author = {Z[] Chen and S[] Fomel and W[] Lu},
  title = {Accelerated plane-wave destruction},
  journal = {Geophysics},
  year = {2013},
  volume = {78},
  issue = {1},
  pages = {V1--V9},
}
@ARTICLE{chen13b,
  author = {Z[] Chen and S[] Fomel and W[] Lu},
  title = {Omnidirectional plane-wave destruction},
  journal = {Geophysics},
  year = {2013},
  volume = {78},
  issue = {5},
  pages = {V171--V179},
}

@article{chopra00,
  title={Azimuth-based coherence for detecting faults and fractures},
  author={Chopra, Satinder and Sudhakar, Vasudhaven and Larsen, Glen and Leong, Henry},
  journal={World Oil},
  volume={221},
  number={9},
  pages={57--64},
  year={2000}
}
@article{chopra,
  author = {S[] Chopra and R[] Kumar and K. J[] Marfurt},
  title = {Seismic discontinuity attributes and {Sobel} filtering},
  year = {2014},
  journal = {SEG Annual Meeting},
  pages = {1625--1628}}

@article{attributes,
  title = {Seismic attributes -- {A} historical perspective},
  author = {Chopra, Satinder and Marfurt, Kurt J},
  journal = {Geophysics},
  volume = {70},
  number = {5},
  pages = {3SO--28SO},
  year = {2005},
  publisher = {Society of Exploration Geophysicists}
}

@BOOK{claerbout92,
  author = {J[] Claerbout},
  title = {Earth {S}oundings {A}nalysis: {P}rocessing {V}ersus {I}nversion},
  publisher = {Blackwell Scientific Publications},
  year = {1992},
}
@ARTICLE{claerbout93,
  author = {J[] Claerbout},
  title = {3-{D} local monoplane annihilator},
  journal = {Stanford Exploration Project},
  year = {1993},
  volume = {SEP-77},
  pages = {19--20},
}

@ARTICLE{claerbout99,
  author = {J[] Claerbout},
  title = {Geophysical estimation by example: Environmental soundings image enhancement},
  journal = {Stanford Exploration Project},
  year = {1999},
}
@ARTICLE{claerbout14,
  author = {J[] Claerbout},
  title = {Geophysical estimation by example: Environmental soundings image enhancement},
  journal = {Stanford Exploration Project},
  year = {2014},
  publisher = {Lulu},
}
@ARTICLE{claerbout14b,
  author = {J[] Claerbout and S[] Fomel},
  title = {Geophysical {I}mage {E}stimation by {E}xample},
  journal = {Stanford Exploration Project},
  year = {2014},
  publisher = {Lulu},
}
@ARTICLE{clapp97,
  author = {R[] Clapp and S[] Fomel and J[] Claerbout},
  title = {Solution steering with space-variant filters},
  journal = {Stanford Exploration Project},
  year = {1997},
  volume = {95},
  pages = {27--42}
}
@ARTICLE{clapp98,
  author = {R[] Clapp and B. L[] Biondi and S[] Fomel and J. F[] Claerbout},
  title = {Regularizing velocity estimation using geologic dip information},
  journal = {SEG Technical Program Expanded Abstracts},
  year = {1998},
  pages = {1851--1854}
}
@ARTICLE{clapp00,
  author = {R[] Clapp},
  title = {3-{D} steering filters},
  journal = {Stanford Exploration Project},
  year = {2000},
  volume = {105},
  pages = {109--117}
}
@ARTICLE{clapp04,
  author = {R[] Clapp and B[] Biondi and J[] Claerbout},
  title = {Incorporating geologic information into reflection tomography},
  journal = {Geophysics},
  year = {2004},
  volume = {69},
  pages = {533--546}
}

@PhdThesis{cole95,
  author = {S. P[] Cole},
  title = {Passive seismic and drill-bit experiments using 2-{D} arrays},
  school = {Stanford University},
  year = {1995},
}

@ARTICLE{daley93,
  author = {R[] Daley},
  title = {Atmospheric {D}ata {A}nalysis},
  journal = {Cambridge University Press},
  year = {1993},
  number = {2},
}

@article{bhandari14,
  title={Resolving multipath interference in time-of-flight imaging via modulation frequency diversity and sparse regularization},
  author={Bhandari, Ayush and Kadambi, Achuta and Whyte, Refael and Barsi, Christopher and Feigin, Micha and Dorrington, Adrian and Raskar, Ramesh},
  journal={Optics letters},
  volume={39},
  number={6},
  pages={1705--1708},
  year={2014},
  publisher={Optical Society of America}
}

@article{ding15,
  title={Artifact-Free Wavelet Denoising: Non-convex Sparse Regularization, Convex Optimization},
  author={Ding, Yin and Selesnick, Ivan W},
  journal={Signal Processing Letters, IEEE},
  volume={22},
  number={9},
  pages={1364--1368},
  year={2015},
  publisher={IEEE}
}

@ARTICLE{engl96,
  author = {H[] Engl and M[] Hanke and A[] Neubauer},
  title = {Regularization of inverse problems},
  journal = {Kluwer Academic Publishers},
  year = {1996},
}

@ARTICLE{fehmers03,
  author = {G. C[] Fehmers and C. F. W[] H{\"o}cker},
  title = {Fast structural interpretation with structure-oriented filtering},
  journal = {Geophysics},
  year = {2003},
  volume = {68},
  pages = {1283--1293},
}

@ARTICLE{fomel97,
  author = {S[] Fomel and R[] Clapp and J[] Claerbout},
  title = {Mising data interpolation by recursive filter preconditioning},
  journal = {Stanford Exploration Project},
  year = {1997},
  volume = {95},
  pages = {15--26},
}
@ARTICLE{fomel99,
  author = {S[] Fomel},
  title = {Plane wave prediction in 3-{D}},
  journal = {Stanford Exploration Project},
  year = {1999},
  volume = {102},
  pages = {101--110},
}
@ARTICLE{fomel00,
  author = {S[] Fomel},
  title = {Three-dimensional seismic data regularization},
  journal = {Stanford Exploration Project},
  year = {2000},
  volume = {107},
}
@ARTICLE{fomel02,
  author = {S[] Fomel},
  title = {Applications of plane-wave destruction filters},
  journal = {Geophysics},
  year = {2002},
  volume = {67},
  pages = {1946--1960},
}
@ARTICLE{fomel03,
  author = {S[] Fomel and J[] Claerbout},
  title = {Multidimensional recursive filter preconditioning in geopphysical estimation problems},
  journal = {Geophysics},
  year = {2003},
  volume = {68},
  pages = {577--588},
}
@ARTICLE{fomel06,
  author = {S[] Fomel and A[] Guitton},
  title = {Regularizing seismic inverse problems by model reparameterization using plane-wave construction},
  journal = {Geophysics},
  year = {2006},
  volume = {71},
  pages = {A43--A47},
}
@ARTICLE{fomel07,
  author = {S[] Fomel},
  title = {Shaping regularization in geophysical-estimation inverse problems},
  journal = {Geophysics},
  year = {2007},
  volume = {72},
  pages = {R29--R36},
}
@ARTICLE{fomel07b,
  author = {S[] Fomel and E[] Landa and M. T[] Taner},
  title = {Poststack velocity analysis by separation and imaging of seismic diffractions},
  journal = {Geophysics},
  year = {2007},
  volume = {72},
  issue = {6},
  pages = {U89--U94},
}
@inproceedings{fomel08,
  title={Nonlinear shaping regularization in geophysical inverse problems},
  author={S[] Fomel},
  booktitle={SEG Technical Program Expanded Abstracts},
  volume={27},
  pages={2046--2050},
  year={2008}
}

@article{gao15,
  author={Gao, Jianjung and Stanton, Aaron and Sacchi, Mauricio D},
  title={5{D} Tensor-based seismic data completion: The Parallel Matrix Factorization ({P}{M}{F}) algorithm},
  publisher = {Geoscience New Horizons},
  year = {2015},
}

@ARTICLE{hale09a,
  author = {D[] Hale},
  title = {Image-guided blended neighbor interpolation of scattered data},
  journal = {SEG Technical Program Expanded Abstracts},
  year = {2009},
  pages={1127--1131}
}
@ARTICLE{hale09b,
  author = {D[] Hale},
  title = {Structure-oriented smoothing and semblance},
  journal = {Center for Wave Phenomena Report},
  year = {2009},
  volume = {635},
  pages = {1--10},
}
@ARTICLE{hale10,
  author = {D[] Hale},
  title = {Image-guided 3{D} interpolation of borehole data},
  journal = {SEG Technical Program Expanded Abstracts},
  year = {2010},
  pages = {1266--1270},
}

@article{hansen92,
  title={Analysis of discrete ill-posed problems by means of the L-curve},
  author={Hansen, Per Christian},
  journal={SIAM review},
  volume={34},
  number={4},
  pages={561--580},
  year={1992},
  publisher={SIAM}
}

@ARTICLE{harlan95,
  author = {W. S[] Harlan},
  title = {Regularization by model redefinition},
  journal = {http://billharlan.com/pub/papers/regularization.pdf},
  year = {1995},
}

@article{hestenes52,
  title={Methods of conjugate gradients for solving linear systems},
  author={Hestenes, Magnus Rudolph and Stiefel, Eduard},
  year={1952},
  publisher={NBS}
}

@inproceedings{hess14,
  title={Case History of Acquisition and Processing of a High Resolution Shallow Water 3D Multi-cable Seismic Survey in the Gulf of Mexico Transition Zone.},
  author={T[] Hess and T[] Meckel and N[] Bangs and R[] Tatham},
  booktitle={2014 SEG Annual Meeting},
  year={2014},
  organization={Society of Exploration Geophysicists}
}

@article{kanopoulos88,
  title={Design of an image edge detection filter using the Sobel operator},
  author={Kanopoulos, Nick and Vasanthavada, Nagesh and Baker, Robert L},
  journal={Solid-State Circuits, IEEE Journal of},
  volume={23},
  number={2},
  pages={358--367},
  year={1988},
  publisher={IEEE}
}

@ARTICLE{li99,
  author = {X[] Li and H. J[] Gotze},
  title = {Comparison of some gridding methods},
  journal = {The Leading Edge},
  volume = {18},
  issue = {8},
  pages = {898--900},
  year = {1999},
}

@ARTICLE{liu10,
  author = {Liu, Yang and Fomel, Sergey and Liu, Guochang},
  title = {Nonlinear structure-enhancing filtering using plane-wave prediction},
  journal = {Geophysical Prospecting},
  volume = {58},
  issue = {3},
  pages = {415--427},
  year = {2010},
  publisher={Wiley Online Library}
}

@article{luo15,
  title={Joint sparse regularization based Sparse Semi-Supervised Extreme Learning Machine ({S}3{E}{L}{M}) for classification},
  author={Luo, Xiaozhuo and Liu, F and Yang, Shuyuan and Wang, Xiaodong and Zhou, Zhiguo},
  journal={Knowledge-Based Systems},
  volume={73},
  pages={149--160},
  year={2015},
  publisher={Elsevier}
}

@ARTICLE{madagascar,
  author = {S[] Fomel and P[] Sava and I[] Vlad and Y[] Liu and V[] Bashkardin},
  title = {Madagascar: open-source software project for multidimensional data analysis and reproducible computational research},
  journal = {Journal of Open Research Software},
  volume = {1},
  year = {2013},
  pages = {e8},
}

@ARTICLE{menke91,
  author = {W[] Menke},
  title = {Applications of the {P}{O}{C}{S} inversion method to interpolating topography and other geophysical fields},
  journal = {Geophysical Research Letters},
  volume = {18},
  issue = {3},
  year = {1991},
  pages = {435--438},
}

@article{morozov71,
  title={On optimality of the discrepancy criterion in the problem of computing the values of unbounded operators},
  author={Morozov, Vladimir Alekseevich},
  journal={USSR Computational Mathematics and Mathematical Physics},
  volume={11},
  number={4},
  pages={250--257},
  year={1971},
  publisher={Elsevier}
}

@ARTICLE{naeini14,
  author = {E. Z[] Naeini and D[] Hale},
  title = {Image and horizon-guided interpolation},
  journal = {SEG Expanded Abstracts},
  year = {2014},
  pages = {2580--2584},
}

@article{neidell71,
  title={Semblance and other coherency measures for multichannel data},
  author={N. S[] Neidell and M. T[] Taner},
  journal={Geophysics},
  volume={36},
  number={3},
  pages={482--497},
  year={1971},
  publisher={Society of Exploration Geophysicists}
}

@ARTICLE{phillips15,
  author = {M[] Phillips and R[] Swindeman and S[] Fomel},
  title={Structure-oriented Sobel filter for edge enhancement of seismic images},
  year={2015},
  journal={SEG Technical Program Expanded Abstracts},
  pages={submitted}
}

@article{sobel68,
  title={A 3x3 isotropic gradient operator for image processing},
  author={Sobel, Irwin and Feldman, Gary},
  year={1968},
  organization={Stanford Artificial Intelligence Project}
}

@inproceedings{stanton12,
  title={Five-dimensional Vector Data Interpolation},
  author={Stanton, A and Sacchi, MD},
  booktitle={74th EAGE Conference \& Exhibition},
  year={2012},
}

@ARTICLE{stone94,
  author = {D. G[] Stone},
  title = {Designing seismic surveys in two and three dimensions},
  journal = {Society of Exploration Geophysicists},
  year = {1994},
}

@ARTICLE{swindeman15,
  author = {R[] Swindeman and S[] Fomel},
  title={Seismic data interpolation using plane-wave shaping regularization},
  year={2015},
  journal={SEG Technical Program Expanded Abstracts},
  pages={submitted}
}

@ARTICLE{taner06,
  author = {M. T[] Taner and S[] Fomel},
  title = {Separation and imaging of seismic diffractions using plane-wave decomposition},
  journal = {SEG Expanded Abstracts},
  year = {2006},
  pages = {2401--2405},
}

@ARTICLE{tibshirani96,
  author = {R[] Tibshirani},
  title = {Regression shrinkage and selection via the lasso},
  journal = {J. Royal. Statist. Soc B.},
  volume = {58},
  issue = {1},
  year = {1996},
  pages = {267--288},
}

@ARTICLE{tikhonov63,
  author = {A. N[] Tikhonov},
  title = {Solution of incorrectly formulated problems and the regularization method},
  journal = {IEEE Transactions on Signal Processing},
  year = {1963},
}

@ARTICLE{vonneumann51,
  author = {J[] von Neumann},
  title = {Functional operators: The geometry of orthogonal spaces.},
  year = {1951},
  publisher = {Princeton University Press},
}

@ARTICLE{wang10,
  author = {S[] Wang and X[] Gao and Z[] Yao},
  title = {Accelerating {P}{O}{C}{S} interpolation of 3D irregular seismic data with graphics processing units},
  journal = {Computers \& Geosciences},
  year = {2010},
  volume = {36},
  pages = {1292--1300},
}

@ARTICLE{woodward08,
  author = {M. J[] Woodward and D[] Nichols and O[] Zdraveva and P[] Whitfield and T[] Jones},
  title = {A decade of tomography},
  journal = {Geophysics},
  year = {2008},
  volume = {73},
  pages = {VE5--VE11},
}

@ARTICLE{yang12,
  author = {P[] Yang and J[] Gao and W[] Chen},
  title = {Curvelet-based {P}{O}{C}{S} interpolation of nonuniformly sampled seismic records},
  journal = {Journal of Applied Geophysics},
  year = {2012},
  volume = {79},
  pages = {90--99},
}

@ARTICLE{yilmaz01,
  author = {{\"O}[] Yilmaz},
  title = {Seismic Data Analysis},
  publisher = {Society of Exploration Geophysicists},
  year = {2001},
}

@ARTICLE{zhdanov02,
  author = {M. S[] Zhdanov},
  title = {Geophysical inverse theory and regularization problems},
  journal = {Elsevier Science Publishing Co., Inc.},
  year = {2002},
}
%%%%%%%%%%%%%%%%%%%%%%%
%%%%%%%%%%%%%%%%%%%%%%%
%%%%%%%%%%%%%%%%%%%%%%%






@Article{claerbout,
     author={J[] F[] Claerbout and S[] Fomel},
     title={Geophysical Estimation by Example: Environmental soundings image enhancement},
     year=1998}
@Article{fomel10,
     author={S[] Fomel},
     title={Predictive painting of {3D} seismic volumes},
     year=2010,
     journal=Geophysics,
     volume={75},
     number=4,
     pages={A25--A30}}
@Article{gersztenkorn,
     author={A[] Gersztenkorn and K[] J[] Marfurt},
     title={Eigenstructure-based coherence computations as an aid to {3-D} structural and stratigraphic mapping},
     year=1999,
     journal=Geophysics,
     volume=64,
     number=5,
     pages={1468--1479}}
@article{karimi,
     author={P[] Karimi and S[] Fomel},
     title={Predictive coherency},
     year=2013,
     journal={SEG Technical Program Expanded Abstracts},
     pages={1492--1497}}

@Article{sobel,
    author={I[] Sobel and G[] Feldman},
    title={A 3x3 Isotropic gradient operator for image processing},
    journal={Presented at a talk at the Stanford Artificial Project},
    year=1968}

@Article{m8r,
  author = {S. Fomel and P. Sava and I. Vlad and Y. Liu and
                 V. Bashkardin},
  title = {Madagascar: open-source software project for
              multidimensional data analysis and reproducible 
              computational experiments},
  journal = 	 {Journal of Open Research Software},
  year = 	 2013,
  volume = 	 1,
  number = 	 1,
  pages = 	 {e8},
  doi =          {http://dx.doi.org/10.5334/jors.ag}}

@book{practical,
  title={Practical algorithms for image analysis},
  author={O'Gorman, Lawrence and Sammon, Michael J and Seul, Michael},
  year={2008},
  publisher={Cambridge University Press}
}

@Article{luo,
    author={Y[] Luo and W[] G[] Higgs and W[] S[] Kowalik},
    title={Edge detection and stratigraphic analysis using {3D} seismic data},
    year=1996,
    journal={SEG Technical Program Expanded Abstracts},
    pages={324--327}}

@Article{ryan,
    author={R[] Swindeman and S[] Fomel},
    title={Seismic data interpolation using plane-wave shaping regularization},
    year=2015,
    journal={SEG Technical Program Expanded Abstracts},
    pages={3853-3858}}

