@ARTICLE{hale-2013,
  author = {D[] Hale},
  title = {Dynamic warping of seismic images},
  journal = {Geophysics},
  year = {2013},
  volume = {78},
  issue = {2},
  pages = {S105-S115},
}
@ARTICLE{mallick-1997,
  author = {S[] Mallick and K[] L[] Craft and L[] J[] Meister and R[] E[] Chambers},
  title = {Computation of principal directions of azimuthal anisotropy from {P}-wave seismic data},
  journal = {Exploration Geophysics},
  year = {1997},
  volume = {28},
  issue = {4},
  pages = {379-382},
}

@ARTICLE{abedi-2019,
   author = {Mohammad Mahdi Abedi and Alexey Stovas and Yuriy Ivanov},
   title = {Acoustic wave propagation in orthorhombic media: Phase velocity, group velocity, and moveout    approximations},
   journal = {Geophysics},
   volume = {84},
   issue = {6},
   pages = {C269-C279},
   year = {2019},
   doi = {10.1190/geo2019-0085.1},
   URL = {https://doi.org/10.1190/geo2019-0085.1},
   eprint = {https://doi.org/10.1190/geo2019-0085.1}
}




@ARTICLE{fomel-2002,
  author = {S[] Fomel},
  title = {Applications of Plane Wave Destruction Filters},
  journal = {Geophysics},
  year = {2002},
  volume = {67},
  issue = {6},
  pages = {1946-1960},
}

@ARTICLE{crampin-1981,
  author = {S[] Crampin},
  title = {Review of wave motion in anisotropic and cracked elastic-media},
  journal = {Wave Motion},
  year = {1981},
  volume = {3},
  issue = {4},
  pages = {343-391},
}

@ARTICLE{crampin-1984a,
  author = {S[] Crampin},
  title = {An introduction to wave propagation in anisotropic media},
  journal = {Geophysical Journal of the Royal Astronomical Society},
  year = {1984},
  volume = {76},
  issue = {1},
  pages = {17-28},
}

@ARTICLE{crampin-1984b,
  author = {S[] Crampin},
  title = {Anisotropy in exploration seismics},
  journal = {First Break},
  year = {1984},
  volume = {2},
  issue = {3},
  pages = {19-21},
}

@ARTICLE{crampin-1985,
  author = {S[] Crampin},
  title = {Evidence for aligned cracks in the earth's crust},
  journal = {First Break},
  year = {1985},
  volume = {3},
  issue = {3},
  pages = {16-20},
}
@ARTICLE{crampin-1986,
  author = {S[] Crampin},
  title = {Anisotropy and transverse isotropy},
  journal = {Geophysical Prospecting},
  year = {1986},
  volume = {34},
  issue = {1},
  pages = {94-99},
}
@ARTICLE{thomsen-1988,
  author = {L[] Thomsen},
  title = {Reflection seismology over azimuthally anisotropic media},
  journal = {Geophysics},
  year = {1988},
  volume = {53},
  issue = {3},
  pages = {304-313},
}

@ARTICLE{thomsen-2001,
  author = {L[] Thomsen},
  title = {Seismic anisotropy},
  journal = {Geophysics},
  year = {2001},
  volume = {66},
  issue = {1},
  pages = {40-41},
}

@ARTICLE{fomel-2009,
  author = {S[] Fomel},
  title = {Velocity analysis using {AB} semblance},
  journal = {Geophysical Prospecting},
  year = {2009},
  volume = {57},
  issue = {3},
  pages = {311-321},
}

@ARTICLE{burnett-2009,
  author = {W[] Burnett and S[] Fomel},
  title = {3{D} velocity-independent elliptically anisotropic moveout correction},
  journal = {Geophysics},
  year = {2009},
  volume = {74},
  issue = {5},
  pages = {WBI129-WBI136},
}

@ARTICLE{tsvankin-1997,
  author = {I[] Tsvankin},
  title = {Anisotropic parameters and {P}-wave velocity for orthorhombic media},
  journal = {Geophysics},
  year = {1997},
  volume = {62},
  issue = {4},
  pages = {1292-1309},
}

@ARTICLE{tsvankin-1995,
  author = {I[] Tsvankin and L[] Thomsen},
  title = {Inversion of reflection traveltimes for transverse isotropy},
  journal = {Geophysics},
  year = {1995},
  volume = {60},
  issue = {4},
  pages = {1095-1107},
}

@ARTICLE{alkhalifah-1995,
  author = {T[] Alkhalifah and I[] Tsvankin},
  title = {Velocity analysis for transversely isotropic media},
  journal = {Geophysics},
  year = {1995},
  volume = {60},
  issue = {5},
  pages = {1550-1566},
}

@ARTICLE{alkhalifah-1994,
  author = {T[] Alkhalifah and K[] Larner},
  title = {Migration error in transversely isotropic media},
  journal = {Geophysics},
  year = {1994},
  volume = {59},
  issue = {9},
  pages = {1405-1418},
}
@ARTICLE{alkhalifah-1996,
  author = {T[] Alkhalifah and I[] Tsvankin and K[] Larner and J[] Toldi},
  title = {Velocity analysis and imaging in transversely isotropic media: {M}ethodology and a case study},
  journal = {The Leading Edge},
  year = {1996},
  volume = {15},
  issue = {5},
  pages = {371-378}
}

@ARTICLE{grechka-1998,
  author = {V[] Grechka and I[] Tsvankin},
  title = {3-{D} description of normal moveout in anisotropic inhomogenous media},
  journal = {Geophysics},
  year = {1998},
  volume = {63},
  issue = {3},
  pages = {1079-1092}
}

@book{helbig-1994,
   author =      {K[] Helbig},
   publisher =   {Pergamon Press},
   title =       {Foundations of elastic anisotropy for exploration seismics},
   year =        {1994}
}

@book{thomsen-2002,
   author =      {L[] Thomsen},
   publisher =   {SEG/EAGE Distinguished Instructor Series},
   title =       {Understanding seismic anisotropy in exploration and exploitation},
   year =        {2002}
}

@book{grechka-2009,
  title={Applications of Seismic Anisotropy in the Oil and Gas Industry},
  author={Grechka, V.},
  isbn={9789073781689},
  url={https://books.google.com/books?id=mpBiswEACAAJ},
  year={2009},
  publisher={EAGE Publications}
}

@book{tsvankin-2012,
   author =      {I[] Tsvankin},
   publisher =   {Society of Exploration Geophysicists},
   title =       {{Seismic Signatures and Analysis of Reflection Data in Anisotropic Media, 3rd ed.}},
   year =        {2012}
}

@ARTICLE{helbig-2005,
  author = {K[] Helbig and L[] Thomsen},
  title = {75-plus years of anisotropy in exploration and reservoir seismics: {A} historical review of concepts and methods},
  journal = {Geophysics},
  year = {2005},
  volume = {70},
  issue = {6},
  pages = {2ND-32ND}
}

@ARTICLE{tsvankin-2010,
  author = {I[] Tsvankin and J[] Gaiser and V[] Grechka and M[] van der Baan and L[] Thomsen},
  title = {Seismic anisotropy in exploration and reservoir characterization: {A}n overview},
  journal = {Geophysics},
  year = {2010},
  volume = {75},
  issue = {5},
  pages = {A15-A29}
}

@ARTICLE{sakoe-1978,
  author = {H[] Sakoe and S[] Chiba},
  title = {Dynamic programming algorithm optimization for spoken word recognition},
  journal = {IEEE Transactions on Acoustics, Speech, and Signal Processing},
  year = {1978},
  volume = {26},
  issue = {1},
  pages = {43-49},
}

@ARTICLE{tod-2007,
  author = {S[] Tod and B[] Taylor and R[] Johnston and T[] Allen},
  title = {Fracture prediction from wide-azimuth land seismic data in {SE} {A}lgeria},
  journal = {The Leading Edge},
  year = {2007},
  volume = {26},
  issue = {9},
  pages = {1154-1160}
}

@inproceedings{corrigan-1996,
  title={Fracture mapping from azimuthal velocity analysis using 3-{D} surface seismic data},
  author={D[] Corrigan and R[] Withers and J[] Darnall and T[] Skopinski},
  booktitle={66th Annual International Meeting, Society of Exploration Geophysicists Expanded Abstracts},
  pages={1834-1837},
  year={1996}
  }

@ARTICLE{grechka-2005,
  author = {V[] Grechka and A[] Pech and I[] Tsvankin},
  title = {Parameter estimation in orthorhombic media using multicomponent wide-azimuth reflection data},
  journal = {Geophysics},
  year = {2005},
  volume = {70},
  issue = {2},
  pages = {D1-D8}
}

@ARTICLE{madagascar,
  author = 	 {S[] Fomel and P[] Sava and I[] Vlad and Y[] Liu and V[] Bashkardin},
  title = 	 {Madagascar: open-source software project for multidimensional data analysis and reproducible computational experiments},
  journal = 	 {Journal of Open Research Software},
  year = 	 {2013},
  volume = 	 {1},
  issue = 	 {1},
  pages = 	 {e8}
}
