@Article{battista,
  author = 	 {Bradley Matthew Battista and Camelia Knapp and Tom McGee and Vaughn Goebel},
  title = 	 {Application of the empirical mode decomposition and
{Hilbert-Huang} transform to seismic reflection data},
  journal = 	 {Geophysics},
  year = 	 2007,
  volume = 	 72,
  number = 	 2,
  pages = 	 {H29-H37}}

@Article{canales,
  author = 	 {L[] Canales},
  title = 	 {Random noise reduction},
  journal = 	 {54th Annual International Meeting, SEG, Expanded Abstracts},
  year = 	 1984,
  pages =	 {525-527}
}

@Article{candes20061,
  author={E[] J[] Cand\`{e}s and L[] Demanet and D[] L[] Donoho and L[] Ying},
  title={Fast discrete curvelet transforms},
  journal={SIAM, Multiscale Modeling and Simulation},
  year=2006,
  Volume=5,
  pages={861-899},
}

@Article{fomel2003,
  author={S[] Fomel},
  title={Seismic reflection data interpolation with differential offset and shot continuation},
  journal={Geophysics},
  year=2003,
  volume=68,
  pages={733-744},
}

@Article{fomel2002pwd,
  author={Sergey Fomel},
  title={Application of plane-wave destruction filters},
  journal={Geophysics},
  year=2002,
  Volume=67,
  pages={1946-1960},
}
@Article{prony,
  author = 	 {R[] Prony},
  title = 	 {Essai exp\'{e}rimental et analytique},
  journal = 	 {Annuaire de l'\'{E}cole Polytechnique},
  year = 	 1795,
  volume = 	 1,
  number = 	 2,
  pages = 	 24}

@Article{canales1984,
  author = 	 {L[] Canales},
  title = 	 {Random noise reduction},
  journal = 	 {54th Annual International Meeting, SEG, Expanded Abstracts},
  year = 	 1984,
  pages =	 {525-527}
}
@Book{marple,
  author = 	 {S[] L[] Marple},
  title = 	 {Digital spectral analysis with applications},
  publisher = 	 {Prentice-Hall},
  year = 	 1987}
@article{hou2,
  title={Data-driven time-frequency analysis},
  author={Hou, Thomas Y and Shi, Zuoqiang},
  journal={Applied and Computational Harmonic Analysis},
  year={2013},
  volume = {35},
  pages={284–308},
  publisher={Elsevier}
}

@Article{jiajun2013,
  author={Jiajun Han and Mirko van~der~Baan},
  title={Empirical mode decomposition for seismic time-frequency analysis},
  journal={Geophysics},
  year=2013,
  Volume=78,
  pages={O9-O19},
}

@Article{fomel20132,
  author = 	 {S[] Fomel},
  title = 	 {Seismic data decomposition into spectral components using regularized nonstationary autoregression},
  journal = 	 {Geophysics},
  year = 	 2013,
  volume =	 78,
  pages =	 {O69-O76},
}
@Article{fomel2007localattr,
  author={Sergey Fomel},
  title={Local seismic attributes},
  journal={Geophysics},
  year=2007,
  Volume=72,
  pages={A29-A33},
}

@Article{fomel2007shape,
  author={Sergey Fomel},
  title={Shaping regularization in geophysical-estimation problems},
  journal={Geophysics},
  year=2007,
  Volume=72,
  pages={R29-R36},
}

@Article{galbraith1991,
  author = 	 {Mike Galbraith},
  title = 	 {Random noise attenuation by {F}-{X} prediction: A tutorial},
  journal = 	 {61st Annual International Meeting, SEG, Expanded Abstracts},
  year = 	 1991,
  pages =	 {1428-1431},
}
@article{gulunay2011,
  author =	 {Yann Traonmilin and N[] Gulunay},
  title = 	 {Statics preserving projection filtering},
  journal =    {83rd Annual International Meeting, SEG, Expanded Abstracts},
  year = 	 {2011},
  pages =        {3638-3642}
}
@Article{gulunay1986,
  author =	 {N[] Gulunay},
  title = 	 {Fx decon and complex {W}iener prediction filter},
  booktitle =    {56th Annual International Meeting},
  year = 	 {1986},
  publisher =    {SEG, Expanded Abstracts},
  pages =        {Session: POS2.10}
}
@Article{mada2013,
  author={Sergey Fomel and P[] Sava and I[] Vlad and Y[] Liu and V[] Bashkardin},
  title={Madagascar open-source software project},
  journal = 	 {Journal of Open Research Software},
  year = 	 2013,
  volume =	 1,
  pages =	 {e8},
}
@Article{yangkang2014halfthr,
  author={Y[] Chen and K[] Chen and P[] Shi and Y[] Wang},
  title = {Irregular seismic data reconstruction using a percentile-half-thresholding algorithm},
  journal={Journal of Geophysics and Engineering},
  year=2014,
  pages={065001},
  volume = 11,
}

@Article{yangkang2015,
  author={Y[] Chen and S[] Gan and T[] Liu and J[] Yuan and Y[] Zhang and Z[] Jin},
  title = {Random noise attenuation by a selective hybrid approach using f-x empirical mode decomposition},
  journal={Journal of Geophysics and Engineering},
  year=2015,
  volume=12,
  pages={12-25},
}
@Article{bekara2009,
  author = 	 {M[] Bekara and Mirko van~der~Baan},
  title = 	 {Random and coherent noise attenuation by empirical mode decomposition},
  journal = 	 {Geophysics},
  year = 	 2009,
  volume = 	 74,
  number = 	 5,
  pages = 	 {V89-V98}}
@Article{yangkang2014emdsum,
  author={Y[] Chen and C[] Zhou and J[] Yuan and Z[] Jin},
  title = {Application of empirical mode decomposition to random noise attenuation of seismic data},
  journal={Journal of Seismic Exploration},
  year=2014,
  pages={481-495},
  volume = 23,
}

@Article{huangemd,
  author = 	 {Norden E. Huang and Zheng Shen and Steven R. Long and Manli C. Wu and Hsing H. Shih and Quanan Zheng and Nai-Chyuan Yen and Chi Chao Tung and Henry H. Liu},
  title = 	 {The empirical mode decomposition and the {Hilbert} spectrum for nonlinear and non-stationary time series analysis},
  journal = 	 {Proceeding of the Royal Society of London Series A},
  year = 	 1998,
  volume = 	 454,
  pages = 	 {903-995}}
  
@Article{yangkang20141,
  author={Yangkang Chen and Jitao Ma},
  title ={Random noise attenuation by \emph{f-x} empirical mode decomposition predictive filtering},
  journal={Geophysics},
  year=2014,
  Volume=79,
  pages={V81-V91},
}
@Article{dian2008,
  author={Dian Wang and Cai Liu and Yang Liu and Guochang Liu},
  title={Application of wavelet transform based on lifting scheme and percentiles soft-threshold to elimination of seismic random noise},
  journal={Progress in Geophysics (in Chinese)},
  year=2008,
  Volume=23,
  pages={1124-1130},
}

@Article{yangkang2014ortho,
  author={Yangkang Chen and Sergey Fomel},
  title = {Random noise attenuation using local signal-and-noise orthogonalization},
  journal={Geophysics},
  year=2014,
  pages={under review},
}
@Article{liuyang2010,
  author = 	 {Yang Liu and Sergey Fomel},
  title = 	 {{OC}-seislet: Seislet transform construction with differential offset continuation},
  journal = 	 {Geophysics},
  year = 	 2010,
  volume =	 75,
  pages =	 {WB235-WB245},
}
@book{claerbout2010bei,
   author = {J[on] F[] Claerbout},
   publisher = {Stanford Exploration Project, http://sep.stanford.edu/prof/},
   title = {Basis earth imaging},
   year = {2010},
}

@article{shuwei2016cs,
  title={Compressive sensing for seismic data reconstruction via fast projection onto convex sets based on seislet transform},
  author={Gan, Shuwei and Wang, Shoudong and Chen, Yangkang and Chen, Xiaohong and Huang, Weiling and Chen, Hanming},
  journal={Journal of Applied Geophysics},
  volume={130},
  pages={194--208},
  year={2016},
  publisher={Elsevier}
}

@Article{shuwei20153,
  author={S[] Gan and Shoudong Wang and Yangkang Chen and Yizhuo Zhang and Zhaoyu Jin},
  title = {Dealiased Seismic Data Interpolation Using Seislet Transform With Low-Frequency Constraint},
  journal={IEEE Geoscience and Remote Sensing Letters},
  year=2015,
  volume=12,
  pages={2150-2154},
}

@Article{weilin2016,
  author={Weilin Huang and Runqiu Wang and  Yangkang Chen and Huijian Li and Shuwei Gan},
  title = {Damped Multichannel Singular Spectrum Analysis for 3{D} Random Noise Attenuation },
  journal={Geophysics},
  year=2016,
  volume=81,
  issue=4,
  number=4,
  pages={V261-V270},
}

@Article{amir2017,
  author={M[] A[] N[] Siahsar and V[] Abolghasemi  and Yangkang Chen},
  title = {Simultaneous denoising and interpolation of 2D seismic data using data-driven non-negative dictionary learning},
  journal={Signal Processing},
  year=2017,
  volume=141,
  pages={309-321},
}

@Article{amir2017geo,
  author={M[] A[] N[] Siahsar and S[] Gholtashi and A[] R[] Kahoo and W[] Chen and Y[] Chen},
  title = {Data-driven multi-task sparse dictionary learning for noise attenuation of 3{D} seismic data},
  journal={Geophysics},
  year=2017,
  volume=82,
  number=6,
  issue=6,
  pages={V385–V396},
}

@Article{yangkang20142,
  author={Yangkang Chen and Sergey Fomel and Jingwei Hu},
  title ={Iterative deblending of simultaneous-source seismic data using seislet-domain shaping regularization},
  journal={Geophysics},
  year=2014,
  volume=79,
  issue=5,
  pages={V179-V189},
}

%2
@article{yangkang2014nmo,
  author={Yangkang Chen and Jiang Yuan and Zhaoyu Jin and Keling Chen and Lele Zhang},
  title={Deblending using normal moveout and median filtering in common-midpoint gathers},
  journal={Journal of Geophysics and Engineering},
  volume={11},
  issue={4},
  pages={045012},
  url={http://stacks.iop.org/1742-2140/11/i=4/a=045012},
  year={2014},
}

%1
@Article{mostafa2016geo,
  author={S[] Mostafa Mousavi and Charles A[] Langston and Stephen P[] Horton},
  title={Automatic microseismic denoising and onset detection using the synchrosqueezed continuous wavelet transform},
  journal={Geophysics},
  year=2016,
  volume=81,
  number=4,
  issue=4,
  pages={V341-V355},
}

@Article{mostafa2016jag,
  author={S[] Mostafa Mousavi and Charles A[] Langston},
  title={Adaptive noise estimation and suppression for improving microseismic event detection},
  journal={Journal of Applied Geophysics},
  year=2016,
  volume=132,
  pages={116-124},
}

@Article{mostafa2016bssa,
  author={S[] Mostafa Mousavi and Charles A[] Langston},
  title={Hybrid Seismic Denoising Using Higher-Order Statistics and Improved Wavelet Block Thresholding},
  journal={Bulletin of the Seismological Society of America},
  year=2016,
  volume=106,
  number=4,
  issue=4,
  pages={1380-1393},
}

@Article{mostafa2017geo,
  author={S[] Mostafa Mousavi and Charles A[] Langston},
  title={Automatic noise-removal/signal-removal based on general cross-validation thresholding in synchrosqueezed domain and its application on earthquake data},
  journal={Geophysics},
  year=2017,
  volume=82,
  number=4,
  issue=4,
  pages={V211-V227},
}

@Article{liuyang2015,
  author =	 { Yang Liu and Sergey Fomel and Cai Liu},
  title =	 {Signal and noise separation in prestack seismic data using velocity-dependent seislet transform},
  journal =	 {Geophysics},
  year =	 2015,
  volume=80,
  issue=6,
  number=6,
  pages =	 {WD117-WD128},
}

@Article{liuyang2013,
  author = 	 {Yang Liu and Cai Liu},
  title = 	 {Velocity-dependent seislet transform and its applications},
  journal = 	 {83rd Annual International Meeting, SEG, Expanded Abstracts},
  year = 	 2013,
  pages =	 {3661-3666},
}

@Article{jianfeng2013,
  author = 	 {Jianfeng Cai and Sibin Huang and Hui Ji and Zuowei Shen and Guibo Ye},
  title = 	 {Data-driven tight frame construction and image denoising},
  journal = 	 {Applied and Computational Harmonic Analysis},
  year = 	 2013,
  pages = 	 {doi: 10.1016/j.acha.2013.10.001}}


@Article{elad2005,
  author = 	 {M[] Elad and J[] L[] Starck and P[] Querre and D[] L[] Donoho},
  title = 	 {Simultaneous cartoon and texture image inpainting using morphological component analysis (MCA)},
  journal = 	 {Applied and Computational Harmonic Analysis},
  year = 	 2005,
  volume = 	 19,
  number = 	 3,
  pages = 	 {340-358}}

@Article{canales1984,
  author = 	 {L[] Canales},
  title = 	 {Random noise reduction},
  journal = 	 {54th Annual International Meeting, SEG, Expanded Abstracts},
  year = 	 1984,
  pages =	 {525-527}
}
@Article{elad2006,
  author = 	 {M[] Elad and M[] Aharon},
  title = 	 {Image denoising via sparse and redundant representations over learned dictionaries},
  journal = 	 {Image Processing, IEEE Transactions on},
  year = 	 2006,
  volume = 	 15,
  number = 	 12,
  pages = 	 {3736-3745}}

@Article{mairal2008,
  author = 	 {J[] Mairal and G[] Sapiro and M[] Elad},
  title = 	 {Learning multiscale sparse representations for image and video restoration},
  journal = 	 {SIAM Multiscale Modeling Simulation},
  year = 	 2008,
  volume = 	 7,
  number = 	 1,
  pages = 	 {214-241}}

@Article{yangkang2015dsd,
  author={Yangkang Chen and Jianwei Ma and Sergey Fomel},
  title ={Double sparsity dictionary for seismic noise attenuation},
  journal={Geophysics},
  year=2015,
  pages={under review},
}

@article{fomel20095,
  author =	 {S[] Fomel},
  title =	 {Adaptive multiple subtraction using regularized nonstationary regression},
  journal = 	 {Geophysics},
  year = 	 2009,
  volume =	 74,
  pages =	 {V25-V33},
}

@Article{fomel20132,
  author = 	 {S[] Fomel},
  title = 	 {Seismic data decomposition into spectral components using regularized nonstationary autoregression},
  journal = 	 {Geophysics},
  year = 	 2013,
  volume =	 78,
  pages =	 {O69-O76},
}

@Article{protter2009,
  author = 	 {M[] Protter and M[] Elad},
  title = 	 {Image sequence denoising via sparse and redundant representations},
  journal = 	 {IEEE Trans Image Process},
  year = 	 2009,
  volume = 	 18,
  number = 	 1,
  pages = 	 {27-35}}

@Article{bryt2008,
  author = 	 {O[] Bryt},
  title = 	 {Compression of facial images using the {K-SVD} algorithm},
  journal = 	 {Journal of Visual Communication and Image Representation},
  year = 	 2008,
  volume = 	 19,
  number = 	 4,
  pages = 	 {270-283}}

@Article{zib2001,
  author = 	 {M[] Zibulevsky and B[] A[] Pearlmutter},
  title = 	 {Blind source separation by sparse decomposition in a signal dictionary},
  journal = 	 {Neural computation},
  year = 	 2001,
  volume = 	 13,
  number = 	 1,
  pages = 	 {863-882}}

@Article{liao2008,
  author = 	 {H[] Y[] Liao and G[] Sapiro},
  title = 	 {Sparse representations for limited data tomography},
  journal = 	 {5th IEEE International Symposium on Biomedical Imaging: From Nano to Macro },
  year = 	 2008,
  pages = 	 {1375-1378}}

@Article{mairal2009,
  author = 	 {J[] Mairal and F[] Bach and J[] Ponce and G[] Sapiro and A[] Zisserman},
  title = 	 {Non-local sparse models for image restoration},
  journal = 	 {IEEE 12th International Conference on Computer Vision  },
  year = 	 2009}


@Article{herrmann2010,
  author={Felix J[] Herrmann},
  title={Randomized sampling and sparsity: Getting more information from fewer samples},
  journal={Geophysics},
  year=2010,
  Volume=75,
  pages={WB173-WB187},
}

@Article{donoho2006,
  author={D[] L[] Donoho},
  title={Compressed sensing},
  journal={IEEE transactions on Information Theory},
  year=2006,
  Volume=52,
  pages={1289-1306},
}

@Article{jafarpour2009,
  author={Behnam Jafarpour and Vivek K. Goyal and Dennis B. McLaughlin and William T. Freeman },
  title={Transform-domain sparsity regularization for inverse problems in
geosciences},
  journal={Geophysics},
  year=2009,
  Volume=74,
  pages={R69-R83},
}

@Article{deli2008,
  author={Deli Wang and Rayan Saab and Ozgur Yilmaz and Felix J[] Herrmann},
  title={Bayesian wavefield separation by transform-domain sparsity promotion},
  journal={Geophysics},
  year=2008,
  Volume=73,
  pages={A33-A38},
}

@Article{kaplan2009,
  author = 	 {Sam T[] Kaplan and Mauricio D[] Sacchi and Tadeusz J[] Ulrych},
  title = 	 {Sparse coding for data-driven coherent and incoherent noise attenuation},
  journal = 	 {79th Annual International Meeting, SEG, Expanded Abstracts},
  year = 	 2009,
  pages =	 {3327-3331}
}

@book{mallat2009,
  author={S[] G[] Mallat},
  title={A wavelet tour of signal processing: The sparse way},
  publisher={Academic Press},
  year=2009,
}

@ARTICLE{jianwei2010,
  author = {Jianwei Ma and Gerlind Plonka},
  title = {The curvelet transform},
  journal = {IEEE signal processing magazine},
  year = {2010},
  volume = {27},
  pages = {118-133}
}

@Article{jianwei2014,
  author = 	 {Jingwei Liang and Jianwei Ma and Xiaoqun Zhang},
  title = 	 {Seismic data restoration via data-driven tight frame},
  journal = 	 {Geophysics},
  year = 	 2014,
  volume =	 79,
  pages =	 {V65-V74},
}

@Article{jianwei20142,
  author = 	 {Simon Beckouche and Jianwei Ma},
  title = 	 {Simultaneous dictionary learning and denoising for seismic data},
  journal = 	 {Geophysics},
  year = 	 2014,
  volume =	 79,
  pages =	 {A27-A31},
}

@Article{sweldens1995,
  author = {W[] Sweldens},
  title={Lifting scheme: A new philosophy in biorthogonal wavelet constructions: Wavelet Applications in Signal and Image Processing III},
  journal={Proceedings of SPIE 2569},
  year=1995,
  pages={68-79},
}

@Article{do2005,
  author={M[] N[] Do and M[] Vetterli},
  title={The contourlet transform: An efficient directional multiresolution image representation},
  journal={IEEE Transactions on Image Processing},
  year=2005,
  Volume=14,
  pages={2091-2106},
}

@Article{labate2005,
  author={D[] Labate and W[] Lim and G[] Kutyniok and G[] Weiss},
  title={Sparse multidimensional representation using shearlets},
  journal={Proceedings of the SPIE},
  year=2005,
  Volume=5914,
  pages={254-262},
}

@Article{lepennec2005,
  author={E[] LePennec and S[] Mallat},
  title={Wave packet transform and data compression},
  journal={IEEE Transactions on Image Processing},
  year=2005,
  Volume=14,
  pages={423-438},
}

@Article{luoyi1992,
  author={E[] LePennec and S[] Mallat},
  title={Sparse geometric image representations with bandelets},
  journal={62nd Annual International Meeting, SEG, Expanded Abstracts},
  year=1992,
  pages={1187-1190}
}

@Article{zhangr2003,
  author = 	 {R[] Zhang and T[] Ulrych},
  title = 	 {Physical wavelet frame denoising},
  journal = 	 {Geophysics},
  year = 	 2003,
  volume = 	 68,
  pages = 	 {225-231}}


@Article{du2000,
  author = 	 {Bingwen Du and Larry R[] Lines},
  title = 	 {Attenuating coherent noise by wavelet transform},
  journal = 	 {Exploration Geophysics},
  year = 	 2000,
  volume = 	 31,
  pages = 	 {353-358}}


@Article{ioup1998,
  author={J[] W[] Ioup and G[] E[] Ioup},
  title={Noise removal and compression using a wavelet transform},
  journal={68th Annual International Meeting, SEG, Expanded Abstracts},
  year=1998,
  pages={1076-1079}
}

@Article{hennenfent2006,
  author={G[] Hennenfent and F[] Herrmann},
  title={Seismic denoising with nonunformly sampled curvelets},
  journal={Computing in Science \& Engineering},
  year=2006,
  volume=8,
  pages={16-25},
}

@Article{hennenfent2010,
  author={G[] Hennenfent and Lloyd Fenelon and F[] Herrmann},
  title={	
Nonequispaced curvelet transform for seismic data reconstruction: A sparsity-promoting approach},
  journal={Geophysics},
  year=2010,
  volume=75,
  pages={WB203-WB210},
}

@Article{neelamani2008,
  author={Ramesh Neelamani and Anatoly I[] Baumstein and Dominique G[] Gillard and Mohamed T[] Hadidi and William L[] Soroka},
  title={	
Coherent and random noise attenuation using the curvelet transform},
  journal={The Leading Edge},
  year=2008,
  volume=27,
  pages={240-248},
}


@Article{neelamani2010,
  author={Ramesh Neelamani and Anatoly Baumstein and Warren S[] Ross},
  title={	
Adaptive subtraction using complex-valued curvelet transforms},
  journal={Geophysics},
  year=2010,
  volume=75,
  pages={V51-V60},
}

@book{jolliffe2002,
  author = {I[] T[] Jolliffe},
  title ={Principal Component Analysis, 2nd ed.},
  publisher={New York: Springer},
  year=2002,
}

@Article{vidal2005,
  author={R[] Vidal and Y[] Ma and S[] Sastry},
  title={Generalized principal component analysis (GPCA)},
  journal={IEEE TRANSACTIONS ON PATTERN ANALYSIS AND MACHINE INTELLIGENCE},
  year=2005,
  volume=27,
  pages={1945-1959},
}

@Article{engan1999,
  author={K[] Engan and S[] O[] Aase and J[] H[] Husoy},
  title={Method of optimal directions for frame design},
  journal={ IEEE International Conference on Acoustics, Speech, and Signal Processing},
  year=1999,
  volume=5,
  pages={2443-2446},
}

@Article{aharon2006,
  author={M[] Aharon and M[] Elad and A[] M[] Bruckstein},
  title={The K-SVD: An algorithm for designing of evercomplete dictionaries for sparse representation},
  journal={ IEEE Transactions on Signal Processing},
  year=2006,
  volume=54,
  pages={4311-4322},
}

@Article{mostafa2010,
  author={M[] Naghizadeh and Mauricio D[] Sacchi},
  title={Beyond alias hierarchical scale curvelet interpolation of regularly and irregularly sampled seismic data},
  journal={Geophysics},
  year=2010,
  volume=75,
  pages={WB189–WB202},
}

@Article{pengliang2012,
  author={Pengliang Yang and Jinghuai Gao and Wenchao Chen},
  title={Curvelet-based POCS interpolation of nonuniformly sampled seismic records},
  journal={Journal of Applied Geophysics},
  year=2012,
  volume=79,
  pages={90-99},
}

@Article{fomel2010seislet,
  author = 	 {S[] Fomel and Y[] Liu},
  title = 	 {Seislet transform and seislet frame},
  journal = 	 {Geophysics},
  year = 	 2010,
  volume =	 75,
  pages =	 {V25-V38},
}

@Article{liuyang2014,
  author = 	 {Yang Liu and S[] Fomel and C[] Liu},
  title = 	 {Signal and noise separation in prestack seismic data using velocity-dependent seislet transform},
  journal = 	 {Geophysics},
  year = 	 2014,
  pages =	 {under review},
}



@Article{ron2010,
  author = 	 {Ron Rubinstein and Michael Zibulevsky and Michael Elad},
  title = 	 {Double sparsity: learning sparse dictionaries for sparse signal approximation},
  journal = 	 {IEEE Transaction on signal processing},
  year = 	 2010,
  volume =	 58,
  pages =	 {1553-1564},
}

