@inproceedings{textures,
   author = {J[] Claerbout and M[] Brown},
   booktitle = {61st Mtg.},
   pages = {Session:1009},
   publisher = {Eur. Assn. Geosci. Eng.},
   title = {Two-dimensional textures and prediction-error filters},
   year = {1999}
}

@Article{jim,
  author = 	 {D[] Marcotte},
  title = 	 {Fast variogram computation with {FFT}},
  journal = 	 {Computers and Geosciences},
  year = 	 1996,
  volume = 	 22,
  number = 	 10,
  pages = 	 {1175-1186}}

@Book{gee,
  author = 	 {J[on] Claerbout},
  title = 	 {Geophysical image estimation by example},
  publisher = 	 {Lulu},
  year = 	 {2014},
  address = 	 {http://sepwww.stanford.edu/sep/prof/}
}
