@BOOK{aki,
  title = {Quantitative seismology},
  edition = 2,
  publisher = {University Science Books},
  year = {2002},
  author = {K[] Aki and P[] G[] Richards}
}

@ARTICLE{bickel85,
  author = {S[] H[] Bickel and R[] R[] Natarajan},
  title = {Plane-wave {Q} deconvolution},
  journal = {Geophysics},
  year = {1985},
  volume = {50},
  pages = {1426-1439},
  doi = {10.1190/1.1442011}
}

@ARTICLE{hargreaves91,
  author = {N[] D[] Hargreaves and A[] J[] Calvert},
  title = {{Inverse Q filtering by Fourier transform}},
  journal = {Geophysics},
  year = {1991},
  volume = {56},
  pages = {519-527},
  doi = {10.1190/1.1443067}
}


@ARTICLE{wang02,
  author = {Y[] Wang},
  title = {{A stable and efficient approach of inverse Q filtering}},
  journal = {Geophysics},
  year = {2002},
  volume = {67},
  pages = {657-663},
  doi = {10.1190/1.1468627}
}

@inproceedings{xie09,
  AUTHOR = {Y[] Xie and K[] Xin and J[] Sun and C[] Notfors and A[] Biswal and M[] Balasubramaniam},
  TITLE = {3{D} prestack depth migration with compensation for frequency dependent absorption and dispersion},
  booktitle = {79th Annual International Meeting, SEG, Expanded Abstracts},
  year = {2009},
  pages = {2919-2923}
}

@inproceedings{xin08,
  AUTHOR = {K[] Xin and B[] Hung and S[] Birdus and J[] Sun},
  TITLE = {3{D} tomographic amplitude inversion for compensating amplitude attenuation in the overburden},
  booktitle = {78th Annual International Meeting, SEG, Expanded Abstracts},
  year = {2008},
  pages = {3239-3243}
}

@INPROCEEDINGS{dai94,
  author = {N[] Dai and G[] F[] West},
  title = {Inverse {Q} migration},
  booktitle = {64th Annual International Meeting, SEG, Expanded Abstracts},
  year = {1994},
  pages = {1418-1421}
}

@ARTICLE{mittet95,
  author = {R[] Mittet and R[] Sollie and K[] Hokstad},
  title = {Prestack depth migration with compensation for absorption and dispersion},
  journal = {Geophysics},
  year = {1995},
  volume = {60},
  pages = {1485-1494},
  doi = {10.1190/1.1443882}
}

@INPROCEEDINGS{yu02,
  author = {Y[] Yu and R[] S[] Lu and M[] D[] Deal},
  title = {Compensation for the effects of shallow gas attenuation with viscoacoustic wave-equation migration},
  booktitle = {72nd Annual International Meeting, SEG, Expanded Abstracts},
  year = {2002},
  pages = {2062-2065}
}

@ARTICLE{zhang02,
  author = {J[] Zhang and K[] Wapenaar},
  title = {Wavefield extrapolation and prestack depth migration in anelastic inhomogeneous media},
  journal = {Geophysical Prospecting},
  year = {2002},
  volume = {50},
  pages = {629-643},
  doi = {10.1046/j.1365-2478.2002.00342.x}
}

@ARTICLE{mittet07,
  author = {R[] Mittet},
  title = {A simple design procedure for depth extrapolation operators that compensate for absorption and dispersion},
  journal = {Geophysics},
  year = {2007},
  volume = {72},
  issue = {2},
  pages = {S105-S112},
  doi = {10.1190/1.2431637.}
}

@ARTICLE{wang08,
  author = {Y[] Wang},
  title = {Inverse {Q}-filtered migration},
  journal = {Geophysics},
  year = {2008},
  volume = {73},
  issue = {1},
  pages = {S1-S6},
  doi = {10.1190/1.2806924}
}

@INPROCEEDINGS{Valenciano11,
  author = {A[] Valenciano and N[] Chemingui and D[] Whitmore and S[] Brandsberg-Dahl},
  title = {Wave equation migration with attenuation and anisotropy compensation},
  booktitle = {81st Annual International Meeting, SEG, Expanded Abstracts},
  year = {2011},
  pages = {232-236}
}

@ARTICLE{zhang13,
  author = {J[] Zhang and J[] Wu and X[] Li},
  title = {Compensation for absorption and dispersion in prestack migration: An effective {Q} approach},
  journal = {Geophysics},
  year = {2013},
  volume = {78},
  issue = {1},
  pages = {S1-S14},
  doi = {10.1190/geo2012-0128}
}

@inproceedings{zhang10,
 author = {Y[] Zhang and P[] Zhang and H[] Zhang},
 year = {2010},
 title = {Compensating for viscoacoustic effects in reverse-time migration},
 booktitle = {80th Annual International Meeting, SEG, Expanded Abstracts},
 pages = {3160-3164}
}

@INPROCEEDINGS{suh12,
  author = {S[] Suh and K[] Yoon and J[] Cai and B[] Wang},
  title = {Compensating visco-acoustic effects in anisotropic resverse-time migration},
  booktitle = {82nd Annual International Meeting, SEG, Expanded Abstracts},
  year = {2012},
  pages = {1-5},
  doi = {10.1190/segam2012-1297.1}
}

@INPROCEEDINGS{bai13,
  author = {J[] Bai and G[] Chen and D[] Yingst and J[] Leveille},
  title = {Attenuation compensation in viscoacoustic reverse time migration},
  booktitle = {83rd Annual International Meeting, SEG, Expanded Abstracts},
  year = {2013},
  pages = {3825-3830}
}

@ARTICLE{zhu14a,
  author = {T[] Zhu and J[] M[] Harris},
  title = {Modeling acoustic wave propagation in heterogeneous attenuating media using decoupled fractional {L}aplacians},
  journal = {Geophysics},
  year = {2014},
  volume = {79},
  issue = {3},
  pages = {T105-T116},
  doi = {10.1190/GEO2013-0245.1}
}

@ARTICLE{zhu14b,
  author = {T[] Zhu and J[] M[] Harris and B[] Biondi},
  title = {{Q}-compensated reverse-time migration},
  journal = {Geophysics},
  year = {2014},
  volume = {79},
  issue = {3},
  pages = {S77-S87},
  doi = {10.1190/geo2013-0344.1}
}

@ARTICLE{zhu14c,
  author = {T[] Zhu},
  title = {Time-reverse modelling of acoustic wave propagation in attenuating media},
  journal = {Geophysical Journal International},
  year = {2014},
  volume = {197},
  issue = {1},
  pages = {483-494},
  doi = {10.1093/gji/ggt519}
}

@ARTICLE{kja79,
  author = {E[] Kjartansson},
  title = {Constant-{Q} wave propagation and attenuation},
  journal = {Journal of Geophysical Research},
  year = {1979},
  volume = {84},
  pages = {4737-4748},
  doi = {10.1029/JB084iB09p04737}
}

@INPROCEEDINGS{fletcher12,
  author = {R[] Fletcher and D[] Nichols and M[] Cavalca},
  title = {Wavepath-consistent effective {Q} estimation for {Q}-compensated reverse time migration},
  booktitle = {82nd Annual EAGE Meeting, EAGE, Expanded Abstracts},
  year = {2012},
  pages = {A020}
}

@ARTICLE{dutta14,
  author = {G[] Dutta and G[] T[] Schuster},
  year = {2014},
  title = {Attenuation compensation for least-squares reverse time migration using the viscoacoustic-wave equation},
  journal = {Geophysics},
  volume = {79},
  issue = {6},
  publisher = {SEG},
  pages = {S251-S262}
}

@inproceedings{me13,
  AUTHOR = {J[unzhe] Sun and S[ergey] Fomel},
  TITLE = {Lowrank one-step wave extrapolation},
  booktitle =    {83rd Annual International Meeting, SEG, Expanded Abstracts},
  year =         {2013},
  pages = {3905-3910},
  doi = {http://dx.doi.org/10.1190/segam2013-1123.1}
}
                                                                                                               
@inproceedings{me14a,
  AUTHOR = {J[unzhe] Sun and S[ergey] Fomel and J[ingwei] Hu},
  TITLE = {Least-squares reverse-time migration using one-step two-way wave extrapolation by non-stationary phase shift},
  booktitle={84th Annual International Meeting, SEG, Expanded Abstracts},
  year =         {2014},
  pages = {3967-3973}
}

@inproceedings{me14b,
  author={J[] Sun and T[] Zhu and S[] Fomel},
  title={Viscoacoustic modeling and imaging using low-rank approximation},
  booktitle={84th Annual International Meeting, SEG, Expanded Abstracts},
  year={2014},
  pages={3997-4002}
}

@Article{me15a,
  author={J[] Sun and T[] Zhu and S[] Fomel},
  title={Viscoacoustic modeling and imaging using low-rank approximation},
  journal = {Geophysics},
  year = {2015},
  pages = {A103-A108},
  volume = {80},
  issue = {5},
  doi = {10.1190/geo2015-0083.1.}
}

@Article{me15b,
  author={J[] Sun and S[] Fomel and L[] Ying},
  title={Lowrank one-step wave extrapolation for reverse-time migration},
  journal = {Geophysics},
  year = {2016},
  pages = {S39-S54},
  volume = {81},
  issue = {1},
  doi = {10.1190/geo2015-0183.1}
}

@inproceedings{me15c,
  author={J[] Sun and T[] Zhu},
  title={Stable attenuation compensation in reverse-time migration},
  booktitle={85th Annual International Meeting, SEG, Expanded Abstracts},
  year={2015},
  pages={3942-3947}
}

@inproceedings{me15d,
  author={J[] Sun and S[] Fomel and T[] Zhu},
  title={Preconditioning least-squares {RTM} in viscoacoustic media by {Q-compensated RTM}},
  booktitle={85th Annual International Meeting, SEG, Expanded Abstracts},
  year={2015},
  pages={3959-3965}
}

@article{lowrank,
  AUTHOR =       {S[] Fomel and L[] Ying and X[] Song},
  TITLE =        {Seismic wave extrapolation using lowrank symbol approximation},
  JOURNAL =      {Geophysical Prospecting},
  YEAR =         {2013},
  volume = {67},
  issue = {2},
  publisher = {EAGE},
  pages = {526-536},
  DOI = {10.1111/j.1365-2478.2012.01064.x}
}

@Article{baysal83,
  author = 	 {E[dip] Baysal and D[an] D[] Kosloff and J[ohn] W[] C[] Sherwood},
  title = 	 {Reverse time migration},
  journal = {Geophysics},
  year = 	 1983,
  volume =	 48,
  pages =	 {1514-1524}
}

@Article{McMechan83,
  author = 	 {G[] A[]  McMechan},
  title = 	 {Migration by extrapolation of time-dependent boundary values},
  journal = 	 {Geophysical Prospecting},
  year = 	 1983,
  volume =	 31,
  pages =	 {413-420}
}

@inproceedings{whitmore83,
  AUTHOR = {N[] D[] Whitmore},
  TITLE = {Iterative depth migration by backward time propagation},
  booktitle =    {53rd Annual International Meeting, SEG, Expanded Abstracts},
  year = 	 {1983},
  pages =        {382-385}
}

@ARTICLE{tarantola84a,
  author = {A[] Tarantola},
  title = {Linearized inversion of seismic reflection data},
  journal = {Geophysical Prospecting},
  year = {1984},
  volume = {32},
  pages = {998-1015},
  doi = {10.1111/j.1365-2478.1984.tb00751.x}
}

@INPROCEEDINGS{lailly83,
  author = {P[] Lailly},
  title = {The seismic inverse problem as a sequence of before stack migrations},
  booktitle = {Proceedings of the Conference on Inverse Scattering: Theory and Applications},
  year = {1983},
  publisher = {SIAM},
  pages = {467-481}
}

@ARTICLE{ronen2000,
  author = {S[] Ronen and C[] L[] Liner},
  title = {Least-squares {DMO} and migration},
  journal = {Geophysics},
  year = {2000},
  volume = {65},
  issue = {5},
  publisher = {SEG},
  pages = {1364-1371}
}

@ARTICLE{nemeth99,
  author = {T[] Nemeth and C[] Wu and G[] Schuster},
  title = {Least-squares migration of incomplete reflection data},
  journal = {Geophysics},
  year = {1999},
  volume = {64},
  publisher = {SEG},
  pages = {208-221}
}

@ARTICLE{tang09,
  author = {Y[] Tang},
  title = {Target-oriented wave-equation least-squares migration/inversion with phase-encoded {H}essian},
  journal = {Geophysics},
  year = {2009},
  volume = {74},
  issue = {6},
  publisher = {SEG},
  pages = {WCA95-WCA107}
}

@ARTICLE{dai11,
  author = {W[] Dai and X[] Wang and G[] T[] Schuster},
  title = {Least-squares migration of multisource data with a deblurring filter},
  journal = {Geophysics},
  year = {2011},
  volume = {76},
  issue = {5},
  publisher = {SEG},
  pages = {135-146}
}

@INPROCEEDINGS{wong11,
  author = {M[] Wong and S[] Ronen and B[] Biondi},
  title = {Least-squares reverse time migration/inversion for ocean bottom data: A case study},
  booktitle = {81st Annual International Meeting, SEG, Expanded Abstracts},
  year = {2011},
  pages = {2369-2373}
}

@ARTICLE{dai12,
  author = {W[] Dai and P[] Fowler and G[] T[] Schuster},
  title = {Multi-source least-squares reverse time migration},
  journal = {Geophysical Prospecting},
  year = {2012},
  volume = {60},
  pages = {681-695},
  doi = {10.1111/j.1365-2478.2012.01092.x}
}

@ARTICLE{dai13,
  author = {W[] Dai and G[] Schuster},
  title = {Plane-wave least-squares reverse-time migration},
  journal = {Geophysics},
  year = {2013},
  volume = {78},
  issue = {4},
  pages = {S165-S177},
  doi = {10.1190/geo2012-0377.1}
}

@inproceedings{zhang13ls,
	author={Y[u] Zhang and L[] Duan and Y[] Xie},
	title={A stable and practical implementation of least-squares reverse time migration},
	booktitle={83rd Annual International Meeting, SEG, Expanded Abstracts},
	year=2013,
	pages={3716-3720}
}

@inproceedings{yujin,
	author={Y[] Liu and W[illiam] W[] Symes and Z[] Li},
	title={Multisource least-squares extended reverse-time migration with preconditioning guided gradient method},
	booktitle={83rd Annual International Meeting, SEG, Expanded Abstracts},
	year=2013,
	pages={3709-3715}
}

@inproceedings{xue14,
	author={Z[] Xue and Y[] Chen and S[] Fomel and J[] Sun},
	title={Imaging incomplete data and simultaneous-source data using least-squares reverse-time migration with shaping regularization},
	booktitle={84th Annual International Meeting, SEG, Expanded Abstracts},
	year=2014,
	pages={3991-3996}
}

@BOOK{iei,
  title = {Imaging the {E}arth's interior},
  publisher = {Blackwell Scientific Publications},
  year = {1985},
  author = {J[] F[] Claerbout}
}

@INPROCEEDINGS{cogan11,
  author = {M[] Cogan and R[] Fletcher and R[] King and D[] Nichols},
  title = {Normalization strategies for reverse-time migration},
  booktitle = {81st Annual International Meeting, SEG, Expanded Abstracts},
  year = {2011},
  pages = {3275-3279},
  doi = {10.1190/1.3627876}
}

@ARTICLE{plessix04,
  author = {R[] E[] Plessix and W[] A[] Mulder},
  title = {Frequency-domain finite-difference amplitude-preserving migration},
  journal = {Geophysical Journal International},
  year = {2004},
  volume = {157},
  issue = {3},
  pages = {975-987},
  doi = {10.1111/j.1365-246X.2004.02282.x}
}

@ARTICLE{rickett03,
  author = {J[] E[] Rickett},
  title = {Illumination-based normalization for wave-equation depth migration},
  journal = {Geophysics},
  year = {2003},
  volume = {68},
  issue = {4},
  pages = {1371-1379},
  doi = {10.1190/1.1598130}
}

@ARTICLE{rob94,
  author = {J[] O[] Robertsson and J[] O[] Blanch and W[] W[] Symes},
  title = {Viscoacoustic finite-difference modeling},
  journal = {Geophysics},
  year = {1994},
  volume = {59},
  publisher = {SEG},
  pages = {1444-1456}
}

@INPROCEEDINGS{blanch94,
  author = {J[] O[] Blanch and W[] W[] Symes},
  title = {Linear inversion in layered viscoacoustic media using a time-domain method},
  booktitle = {64th Annual International Meeting, SEG, Expanded Abstracts},
  year = {1994},
  pages = {1053-1056},
  doi = {10.1190/1.1822695}
}

@ARTICLE{blanch95,
  author = {J[] O[] Blanch and J[] O[] Robertsson and W[] W[] Symes},
  title = {Modeling of a constant {Q}: methodology and algorithm for an efficient and optimally inexpensive viscoelastic technique},
  journal = {Geophysics},
  year = {1995},
  volume = {60},
  publisher = {SEG},
  pages = {176-184}
}

@INPROCEEDINGS{blanch95b,
  author = {Joakim O. Blanch  and  William W. Symes},
  year = {1995},
  title = {Efficient iterative viscoacoustic linearized inversion},
  booktitle = {65th Annual International Meeting, SEG, Expanded Abstracts},
  pages = {627-630}
}

@INPROCEEDINGS{ribodetti95,
  author = {A[lexandra] Ribodetti and J[ean] Virieux and S[ylvette] Durand},
  title = {Asymptotic theory for viscoacoustic seismic imaging},
  booktitle = {65th Annual International Meeting, SEG, Expanded Abstracts},
  year = {1995},
  pages = {631-634},
  doi = {10.1190/1.1887405}
}

@INPROCEEDINGS{ribodetti00,
  author = {A[lexandra] Ribodetti and P[hilippe] Thierry and G[illes] Lambaré and S[téphane] Operto},
  title = {Improved multiparameter {ray+Born} migration/inversion},
  booktitle = {70th Annual International Meeting, SEG, Expanded Abstracts},
  year = {2000},
  pages = {1032-1035},
  doi = {10.1190/1.1815560}
}

@INPROCEEDINGS{ribodetti00,
  author = {A[lexandra] Ribodetti and P[hilippe] Thierry and G[illes] Lambaré and S[téphane] Operto},
  title = {Improved multiparameter {ray+Born} migration/inversion},
  booktitle = {70th Annual International Meeting, SEG, Expanded Abstracts},
  year = {2000},
  pages = {1032-1035},
  doi = {10.1190/1.1815560}
}


@INPROCEEDINGS{zhang12,
  author = {Y[] Zhang and L[] Duan},
  title = {Predicting multiples using a reverse time demigration},
  booktitle = {82nd Annual International Meeting, SEG, Expanded Abstracts},
  year = {2012},
  pages = {1-5},
  doi = {10.1190/segam2012-0520.1}
}

@book{ipt,
    author = {A[] Tarantola},
    title = {Inverse Problem Theory and Methods for Model Parameter Estimation},
    publisher = {Society for Industrial and Applied Mathematics},
    year = {2005},
    doi = {10.1137/1.9780898717921}
}

@book{betts2010practical,
    title={Practical methods for optimal control and estimation using nonlinear programming},
    author={John T[] Betts},
    volume={19},
    year={2010},
    publisher={SIAM}
}

@INPROCEEDINGS{bp2004,
  author = {F[] J[] Billette and S[] Brandsberg-Dahl}, 
  title = {The 2004 {BP} velocity benchmark},
  booktitle = {67th Annual EAGE Meeting, EAGE, Expanded Abstracts},
  year = {2004},
  pages = {B305}
}

@INPROCEEDINGS{me15abs1,
  author = {J[] Sun and T[] Zhu},
  title = {Stable attenuation compensation in reverse-time migration},
  booktitle = {85th Annual International Meeting, SEG, Expanded Abstracts},
  year = {2015},
  pages = {3997-4002}
}

@INPROCEEDINGS{me15abs2,
  author = {J[] Sun and S[] Fomel and T[] Zhu},
  title = {Preconditioning {Least-squares RTM} in viscoacoustic media by {Q}-compensated {RTM}},
  booktitle = {85th Annual International Meeting, SEG, Expanded Abstracts},
  year = {2015},
  pages = {3959-3965}
}

@BOOK{carc07,
  title = {Wave fields in real media: {T}heory and numerical simulation of wave propagation in anisotropic, anelastic, porous and electromagnetic media, 2nd ed.},
  publisher = {Elsevier},
  year = {2007},
  author = {J[] M[] Carcione}
}

@Article{fomel07a,
  author={Sergey Fomel},
  title={Shaping regularization in geophysical-estimation problems},
  journal={Geophysics},
  year=2007,
  Volume=72,
  pages={R29-R36},
}

@article{saad1986gmres,
  title={{GMRES}: A generalized minimal residual algorithm for solving nonsymmetric linear systems},
  author={Saad, Youcef and Schultz, Martin H},
  journal={SIAM Journal on scientific and statistical computing},
  volume={7},
  issue={3},
  pages={856-869},
  year={1986},
  publisher={SIAM},
  doi = {10.1137/0907058}
}

@article{fomel07b,
title = {Local seismic attributes},
author={S[] Fomel},
journal = {Geophysics},
volume = {72},
issue = {3},
pages = {A29-A33},
year = {2007},
doi = {10.1190/1.2437573}
}

@ARTICLE{symes08,
 author = {W[] W[] Symes},
 title = {Approximate linearized inversion by optimal scaling of prestack depth migration},
 journal = {Geophysics},
 volume = {73},
 issue = {2},
 pages = {R23-R35},
 year = {2008},
 doi = {10.1190/1.2836323}
}

@ARTICLE{carc10,
  author = {J[] M[] Carcione},
  title = {A generalization of the {F}ourier pseudospectral method},
  journal = {Geophysics},
  year = {2010},
  volume = {75},
  issue = {6},
  pages = {A53-A56},
  doi = {10.1190/1.3509472}
}

@article{hestenes1952cg,
  title={Methods of conjugate gradients for solving linear systems},
  author={Hestenes, Magnus Rudolph and Stiefel, Eduard},
  year={1952},
  publisher={NBS}
}

@book{saad2003iterative,
  title={Iterative methods for sparse linear systems},
  author={Saad, Yousef},
  year={2003},
  publisher={SIAM}
}

@inproceedings{jondave,
	 type={SEP-Report},
	 publisher={Stanford Exploration Project},
	 author={J[] Claerbout and D[] Nichols},
	 title={Spectral preconditioning},
	 year={1994},
	 journal={SEP-Report},
	 booktitle={SEP-82},
	 pages={183-186},
         web={http://sepwww.stanford.edu/oldreports/sep37/37_08.pdf}
}

@ARTICLE{guitton07,
  author = {A[] Guitton and B[] Kaelin and B[] Biondi},
  title = {Least-squares attenuation of reverse-time-migration artifacts},
  journal = {Geophysics},
  year = {2007},
  volume = {72},
  issue = {1},
  pages = {S19-S23},
  doi = {10.1190/1.2399367}
}

@ARTICLE{zhang09prac,
  author = {Y[] Zhang and J[] Sun},
  title = {Practical issues of reverse time migration: True-amplitude gathers, noise removal and harmonic-source encoding},
  journal = {First Break},
  year = {2009},
  volume = {27},
  issue = {1},
  pages = {53-60}
}

@article{zhu15fld,
author = {Tieyuan Zhu and Jerry M. Harris},
title = {Improved seismic image by {Q}-compensated reverse time migration: Application to crosswell field data, west Texas},
journal = {Geophysics},
volume = {80},
issue = {2},
pages = {B61-B67},
year = {2015},
doi = {10.1190/geo2014-0463.1}
}

@inproceedings{shen14,
  author={Y[] Shen and B[] Biondi and R[] Clapp and D[] Nichols},
  title={{Wave-equation migration Q analysis (WEMQA)}},
  booktitle={84th Annual International Meeting, SEG, Expanded Abstracts},
  year={2014},
  pages={3757-3762}
}

@inproceedings{hou15,
    author = {Jie Hou and William W. Symes},
    title = {Accelerating Extended Least Squares Migration with Weighted Conjugate Gradient Iteration},
    booktitle = {85th Annual International Meeting, SEG, Expanded Abstracts},
    year={2015},
    pages = {4243-4248},
    doi = {10.1190/segam2015-5866473.1}
}

%%%%%%%%%%%%%%%%%%%%%%%%%%%%%%%%%%%%%%%%%%%%%%%%%%%%%%%%%%%%%%%%%%%%%%%%%%%%%%%%%%%%%%%%%%%%%%%%%%%%%%%%%%%%%%%%%%%%%%%%%%%%%%

@ARTICLE{,
  author = {},
  title = {},
  journal = {Geophysics},
  year = {},
  volume = {},
  issue = {},
  pages = {},
  doi = {}
}

@INPROCEEDINGS{,
  author = {},
  title = {},
  booktitle = {th Annual International Meeting, SEG, Expanded Abstracts},
  year = {},
  pages = {}
}

@ARTICLE{zhang09,
  author = {Y[] Zhang and G[] Zhang},
  title = {One-step extrapolation method for reverse time migration},
  journal = {Geophysics},
  year = {2009},
  volume = {74},
  issue = {4},
  publisher = {SEG},
  pages = {A29-A33}
}

@ARTICLE{gazdag84,
  author = {J[] Gazdag and P[] Squazzero},
  title = {Migration of seismic data by phase shift plus interpolation},
  journal = {Geophysics},
  year = {1984},
  volume = {49},
  publisher = {SEG},
  pages = {124-131}
}

@ARTICLE{song13,
  author = {X[] Song and S[] Fomel and L[] Ying},
  title = {Lowrank finite-differences and lowrank {F}ourier finite-differences for seismic wave extrapolation},
  journal = {Geophysical Journal International},
  year = {2013},
  doi = {10.1093/gji/ggt017}
}

@Article{cerjan,
  author = 	 {C[] Cerjan and D[] Kosloff and R[] Kosloff and M[] Reshef},
  title = 	 {A Nonreflecting boundary condition for discrete acoustic and elastic wave equations},
  journal = {Geophysics},
  year = 	 1985,
  volume =	 50,
  pages =	 {705-708}
}

@Article{reshef,
  author = 	 {M[] Reshef and D[] Kosloff and M[] Edwards and C[] Hsiung},
  title = 	 {Three-dimensional acoustic modeling by the {F}ourier method},
  journal = {Geophysics},
  year = 	 1988,
  volume =	 53,
  pages =	 {1175-1183}
}

@inproceedings{etgen,
	author=	{J[] Etgen and S[] Brandsberg-Dahl},
	year=	2009,
	title=	{The pseudo-analytical method: application of {pseudo-Laplacians} to acoustic and acoustic anisotropic wave propagation},
	booktitle=	{79th Annual International Meeting, SEG, Expanded Abstracts},
        pages = {2552-2556}
	}

@inproceedings{chunlei,
	author=	{C[] Chu and P[] Stoffa},
	year=	2008,
	title=	{A pseudospectral-finite difference hybrid approach for large-scale seismic modeling and {RTM} on parallel computers},
	booktitle=	{78th Annual International Meeting, SEG, Expanded Abstracts},
        pages = {2087-2091}
	}

@inproceedings{chu10,
  author =	 {C[] Chu and P[] L[] Stoffa},
  title = 	 {Acoustic anisotropic wave modeling using normalized pseudo-{L}aplacian},
  booktitle =    {80th Annual International Meeting, SEG, Expanded Abstracts},
  year = 	 {2010},
  pages =        {2972-2976}
}

@inproceedings{wards,
	author=	{B[en] D[] Wards and G[ary] F[] Margrave and M[ichael] P[] Lamoureux},
	year=	2008,
	title=	{Phase-shift time-stepping for reverse-time migration},
	booktitle=	{78th Annual International Meeting, SEG, Expanded Abstracts},
        pages = {2262-2266}
	}

@inproceedings{zhang07,
  author =	 {Y[] Zhang and G[] Zhang and D[] Yingst and J[] Sun},
  title = 	 {Explicit marching method for reverse-time migration},
  booktitle =    {77th Annual International Meeting, SEG, Expanded Abstracts},
  year = 	 {2007},
  pages =        {2300-2303}
}

@inproceedings{whitmore,
  AUTHOR = {N[] D[] Whitmore},
  TITLE = {Iterative depth migration by backward time propagation},
  booktitle =    {53rd Annual International Meeting, SEG, Expanded Abstracts},
  year = 	 {1983},
  pages =        {382-385}
}


@Article{baysal,
  author = 	 {E[dip] Baysal and D[an] D[] Kosloff and J[ohn] W[] C[] Sherwood},
  title = 	 {Reverse time migration},
  journal = {Geophysics},
  year = 	 1983,
  volume =	 48,
  pages =	 {1514-1524}
}

@Article{McMechan,
  author = 	 {G[] A[]  McMechan},
  title = 	 {Migration by extrapolation of time-dependent boundary values},
  journal = 	 {Geophysical Prospecting},
  year = 	 1983,
  volume =	 31,
  pages =	 {413-420}
}

@Article{kosloff,
  author = 	 {D[] Kosloff and E[] Baysal},
  title = 	 {Forward modeling by a {F}ourier method},
  journal = {Geophysics},
  year = 	 1982,
  volume =	 47,
  pages =	 {1402-1412}
}

@inproceedings{soubaras,
  author =	 {R[] Soubaras and Y[] Zhang},
  title = 	 {Two-step explicit marching method for reverse time migration},
  booktitle =    {78th Annual International Meeting, SEG, Expanded Abstracts},
  year = 	 {2008},
  pages =        {2272-2276}
}

@ARTICLE{pestana,
  author = {R[] C[] Pestana and P[] L[] Stoffa},
  title = {Time evolution of the wave equation using rapid expansion method},
  journal = {Geophysics},
  year = {2010},
  volume = {75},
  issue = {4},
  publisher = {SEG},
  pages = {T121-T131}
}

@ARTICLE{margrave98,
  author = {G[ary] F[] Margrave},
  title = {Theory of nonstationary linear filtering in the Fourier domain with application to time-variant filtering},
  journal = {Geophysics},
  year = {1998},
  volume = {63},
  issue = {1},
  publisher = {SEG},
  pages = {244-259}
}

@ARTICLE{margraveandferguson,
  author = {G[ary] F[] Margrave and R[obert] J Ferguson},
  title = {Wavefield extrapolation by nonstationary phase shift},
  journal = {Geophysics},
  year = {1999},
  volume = {64},
  issue = {4},
  publisher = {SEG},
  pages = {1067-1078}
}

@ARTICLE{ferguson02,
  author = {R[obert] J Ferguson and G[ary] F[] Margrave},
  title = {Prestack depth migration by symmetric nonstationary phase shift},
  journal = {Geophysics},
  year = {2002},
  volume = {67},
  issue = {2},
  publisher = {SEG},
  pages = {594-603},
  doi = {10.1190/1.1468620}
}

@inproceedings{stoffa,
   author = {P[] L[] Stoffa and R[] C[] Pestana},
   booktitle = {79th Annual International Meeting, SEG, Expanded Abstracts},
   title = {Numerical solution of the acoustic wave equation by the rapid expansion method ({REM}) - A one step time evolution algorithm},
   year = {2009},
   pages = {2672-2676}
}

@inproceedings{liu,
  AUTHOR = {F[] Liu and S[] A[] Morton and S[] Jiang and L[] Ni and J[] P[] Leveille},
  TITLE = {Decoupled wave equations for {P} and {SV} waves in an acoustic {VTI} media},
  booktitle =    {79th Annual International Meeting, SEG, Expanded Abstracts},
  year = 	 {2009},
  pages =        {2844-2848}
}
@inproceedings{lowrankabs,
  AUTHOR = {S[] Fomel and L[] Ying and X[] Song},
  TITLE = {Seismic wave extrapolation using a lowrank symbol approximation},
  booktitle =    {80th Annual International Meeting, SEG, Expanded Abstracts},
  year = 	 {2010},
  pages = {3092-3096}
}
@INPROCEEDINGS{du,
  author = {X[] Du and R[] P[] Fletcher and P[] J[] Fowler}, 
  title = {Pure {P}-wave propagators versus pseudo-acoustic propagators for {RTM} in {VTI} media},
  booktitle = {72nd Annual EAGE Meeting, EAGE, Expanded Abstracts},
  year = {2010},
  pages = {C013}
}

@INPROCEEDINGS{zhang14,
  author = {Y[] Zhang and L[] Duan and Y[] Xie}, 
  title = {Correlative Least-Squares Reverse Time Migration and Its Applications},
  booktitle = {76th Annual EAGE Meeting, EAGE, Expanded Abstracts},
  year = {2014},
  pages = {G103}
}

@INPROCEEDINGS{kaelin06,
  author = {B[] Kaelin and A[] Guitton}, 
  title = {Imaging condition for reverse time migration},
  booktitle =    {76th Annual International Meeting, SEG, Expanded Abstracts},
  year = 	 {2006},
  pages = {2594-2598}
}

@article{lowrank,
  AUTHOR =       {S[] Fomel and L[] Ying and X[] Song},
  TITLE =        {Seismic wave extrapolation using lowrank symbol approximation},
  JOURNAL =      {Geophysical Prospecting},
  YEAR =         {2013},
  volume = {67},
  issue = {2},
  publisher = {EAGE},
  pages = {526-536},
  DOI = {10.1111/j.1365-2478.2012.01064.x}
}

@inproceedings{fowler,
	author=	{P[] J[] Fowler and X[] Du and R[] P[] Fletcher},
	year=	2010,
	title=	{Recursive integral time extrapolation methods 
for scalar waves},
	booktitle=	{80th Annual International Meeting, SEG, Expanded Abstracts},
        pages = {3210-3215}
	}



@Article{review,
  author = 	 {J[] Virieux and H[] Calandra and R[] Plessix},
  title = 	 {A review of the spectral, pseudo-spectral, finite-difference and finite-element modelling techniques for geophysical imaging},
  journal = 	 {Geophysical Prospecting},
  year = 	 2011,
  volume =	 59,
  pages =	 {794-813}
}

@ARTICLE{chatt,
  author = {S[] Chattopadhyay and G[] A[] McMechan},
  title = {Imaging conditions for prestack reverse-time migration},
  journal = {Geophysics},
  year = {2008},
  volume = {73},
  issue = {3},
  publisher = {SEG},
  pages = {S81-S89}
}

@ARTICLE{rite,
  author = {X[] Du and P[] J[] Fowler and R[] P[] Fletcher},
  title = {Recursive integral time-extrapolation methods for waves: {A} comparative review},
  journal = {Geophysics},
  year = {2014},
  volume = {79},
  issue = {1},
  publisher = {SEG},
  pages = {T9-T26}
}

@ARTICLE{fletcher,
  author = {R[] P[] Fletcher and X[] Du and P[] J[] Fowler},
  title = {Reverse time migration in tilted transversely isotropic ({TTI}) media},
  journal = {Geophysics},
  year = {2009},
  volume = {74},
  issue = {6},
  publisher = {SEG},
  pages = {WCA179-WCA187}
}

@Article{fomel04,
  author =       {S[] Fomel},
  title =        {On anelliptic approximations for q{P} velocities in {VTI} media},
  journal =      {Geophysical Prospecting},
  year =         2004,
  volume =       52,
  pages =        {247-259}
}

@Article{tariq98,
  author =       {T[] Alkhalifah},
  title =        {Acoustic approximations for processing in transversely isotropic media},
  journal =      {Geophysics},
  year =         1998,
  volume =       63,
  pages =        {623-631}
}

@Article{tariq00,
  author =       {T[] Alkhalifah},
  title =        {An acoustic wave equation for anisotropic media},
  journal =      {Geophysics},
  year =         2000,
  volume =       65,
  pages =        {1239-1250}
}

@ARTICLE{fowlerrtm,
  author = {P[] J[] Fowler and X[] Du and R[] P[] Fletcher},
  title = {Coupled equations for reverse time migration in transversely isotropic media},
  journal = {Geophysics},
  year = {2010},
  volume = {75},
  issue = {1},
  publisher = {SEG},
  pages = {S11-S22}
}

@ARTICLE{gxt,
  author = {P[] A[] Farmer and I[] F[] Jones and H[] Zhou and R[] I[] Bloor and M[] C[] Goodwin},
  title = {Application of Reverse Time Migration to Complex Imaging Problems},
  journal = {First Break},
  year = {2006},
  volume = {24},
  pages = {65-73},
  publisher = {SEG}
}

@ARTICLE{nemeth99,
  author = {T[] Nemeth and C[] Wu and G[] Schuster},
  title = {Least-squares migration of incomplete reflection data},
  journal = {Geophysics},
  year = {1999},
  volume = {64},
  publisher = {SEG},
  pages = {208-221}
}
                  
@BOOK{claerbout1,
  title = {Imaging the {E}arth's interior},
  publisher = {Blackwell Scientific Publications},
  year = {1985},
  author = {J[] F[] Claerbout}
}

@ARTICLE{tang09,
  author = {Y[] Tang},
  title = {Target-oriented wave-equation least-squares migration/inversion with phase-encoded {H}essian},
  journal = {Geophysics},
  year = {2009},
  volume = {74},
  issue = {6},
  publisher = {SEG},
  pages = {WCA95-WCA107}
}

@ARTICLE{dai11,
  author = {W[] Dai and X[] Wang and G[] T[] Schuster},
  title = {Least-squares migration of multisource data with a deblurring filter},
  journal = {Geophysics},
  year = {2011},
  volume = {76},
  issue = {5},
  publisher = {SEG},
  pages = {135-146}
}

@inproceedings{kessinger,
  AUTHOR = {W[alter] Kesinger},
  TITLE = {Extended {S}plit-step {F}ourier {M}igration},
  booktitle =    {62nd Annual International Meeting, SEG, Expanded Abstracts},
  year =         {1992},
  pages = {917-920}
}

@ARTICLE{ronen2000,
  author = {S[] Ronen and C[] L[] Liner},
  title = {Least-squares {DMO} and migration},
  journal = {Geophysics},
  year = {2000},
  volume = {65},
  issue = {5},
  publisher = {SEG},
  pages = {1364-1371}
}


@ARTICLE{marmousi,
  author = {R[] Versteeg},
  title = {The {Marmousi} experience: {Velocity} model determination on a synthetic complex data set.},
  journal = {The Leading Edge},
  year = {1994},
  volume = {13},
  issue = {9},
  publisher = {EAGE},
  pages = {927-936}
}

@ARTICLE{zhu13a,
  author = {T[] Zhu and J[] M[] Carcione and J[] M[] Harris},
  title = {Approximating constant-{Q} seismic propagation in the time domain},
  journal = {Geophysical Prospecting},
  year = {2013},
  volume = {61},
  pages = {931-940},
  doi = {10.1111/1365-2478.12044}
}

@ARTICLE{zhu14a,
  author = {T[] Zhu and J[] M[] Harris},
  title = {Modeling acoustic wave propagation in heterogeneous attenuating media using decoupled fractional {L}aplacians},
  journal = {Geophysics},
  year = {2014},
  volume = {79},
  issue = {3},
  pages = {T105-T116},
  doi = {10.1190/GEO2013-0245.1}
}

@ARTICLE{zhu14b,
  author = {T[] Zhu and J[] M[] Harris and B[] Biondi},
  title = {Q-compensated reverse-time migration},
  journal = {Geophysics},
  year = {2014},
  volume = {79},
  issue = {3},
  pages = {S77-S87},
  doi = {10.1190/geo2013-0344.1}
}

@article{paffenholz02,
    author = {Josef Paffenholz and Bill McLain and Joerg Zaske and P. Joseph Keliher},
    title = {Subsalt multiple attenuation and imaging: Observations from the {S}igsbee2{B} synthetic dataset},
    chapter = {538},
    pages = {2122-2125},
    journal = {SEG Technical Program Expanded Abstracts},
    year={2002}
}
