@inproceedings{aqrawi11a,
  title={Detecting salt domes using a dip guided 3{D} {S}obel seismic attribute},
  author={Aqrawi, A A and Boe, T H and Barros, S and others},
  booktitle={80th Annual International Meeting, SEG Expanded Abstracts},
  year={2011},
  organization={Society of Exploration Geophysicists},
  pages={1014--1018}
}
@inproceedings{aqrawi11b,
  title={Improved fault segmentation using a dip guided and modified 3{D} {S}obel filter},
  author={Aqrawi, A A and Boe, T H},
  booktitle={86th Annual International Meeting, SEG Expanded Abstracts},
  year={2011},
  organization={Society of Exploration Geophysicists},
  pages={999--1003}
}
@inproceedings{aqrawi14,
  title={Adaptive {S}obel Based Edge Detection for Enhaced Fault Segmentation},
  author={Aqrawi, A A},
  booktitle={International Petroleum Technology Conference},
  year={2014},
  pages={1424--1428}
}
@article{bahorich,
  title={3-{D} seismic discontinuity for faults and stratigraphic features: The coherence cube},
  author={Bahorich, M S and Farmer, S},
  journal={The Leading Edge},
  volume={14},
  number={10},
  pages={1053--1058},
  year={1995},
  publisher={Society of Exploration Geophysicists}
}
@article{bakker,
  title={Image structure analysis for seismic interpretation},
  author={Bakker, P},
  journal={Delft University of Technology},
  year={2002}
}
@book{barnes,
  title={Handbook of Poststack Seismic Attributes},
  author={Barnes, Arthur E},
  year={2016},
  publisher={Society of Exploration Geophysicists}
}
@article{apwd,
  title={Accelerated plane-wave destruction},
  author={Chen, Z and Fomel, S and Lu, W},
  journal={Geophysics},
  volume={78},
  number={1},
  pages={V1--V9},
  year={2013},
  publisher={Society of Exploration Geophysicists}
}
@article{opwd,
  title={Omnidirectional plane-wave destruction},
  author={Chen, Z and Fomel, S and Lu, W},
  journal={Geophysics},
  volume={78},
  number={5},
  pages={V171--V179},
  year={2013},
  publisher={Society of Exploration Geophysicists}
}
@book{chopra07,
  title={Seismic attributes for prospect identification and reservoir characterization},
  author={Chopra, S and Marfurt, K J},
  year={2007},
  publisher={Society of Exploration Geophysicists}
}
@inproceedings{chopra14,
  title={Seismic discontinuity attributes and {S}obel filtering},
  author={Chopra, S and Kumar, R and Marfurt, K J},
  booktitle={84th Annual International Meeting, SEG Expanded Abstracts},
  year={2014},
  organization={Society of Exploration Geophysicists},
  pages={1624--1628}
}
@book{claerbout,
  title={Earth soundings analysis: Processing versus inversion},
  author={Claerbout, J F},
  volume={6},
  year={1992},
  publisher={Blackwell Scientific Publications Cambridge, Massachusetts, USA}
}
@article{cohen,
  title={Detection and extraction of fault surfaces in 3{D} seismic data},
  author={Cohen, I and Coult, N and Vassiliou, A A},
  journal={Geophysics},
  volume={71},
  number={4},
  pages={P21--P27},
  year={2006}
}
@article{fomel02,
  title={Applications of plane-wave destruction filters},
  author={Fomel, S},
  journal={Geophysics},
  volume={67},
  number={6},
  pages={1946--1960},
  year={2002},
  publisher={Society of Exploration Geophysicists}
}
@article{fomel07,
  title={Shaping regularization in geophysical-estimation problems},
  author={Fomel, S},
  journal={Geophysics},
  volume={72},
  number={2},
  pages={R29--R36},
  year={2007},
  publisher={Society of Exploration Geophysicists}
}
@article{fomel09,
  title={Velocity analysis using {AB} semblance},
  author={Fomel, S},
  journal={Geophysical Prospecting},
  volume={57},
  number={3},
  pages={311--321},
  year={2009},
  publisher={Wiley Online Library}
}
@article{fomel10,
  title={Predictive painting of 3{D} seismic volumes},
  author={Fomel, Sergey},
  journal={Geophysics},
  volume={75},
  number={4},
  pages={A25--A30},
  year={2010},
  publisher={Society of Exploration Geophysicists}
}
@article{fomel13,
  title={Madagascar: Open-source software project for multidimensional data analysis and reproducible computational experiments},
  author={Fomel, S and Sava, P and Vlad, I and Liu, Y and Bashkardin, V},
  journal={Journal of Open Research Software},
  volume={1},
  number={1},
  year={2013},
  publisher={Ubiquity Press},
  pages={1--4}
}
@article{gersztenkorn,
  title={Eigenstructure-based coherence computations as an aid to 3-{D} structural and stratigraphic mapping},
  author={Gersztenkorn, A and Marfurt, K J},
  journal={Geophysics},
  volume={64},
  number={5},
  pages={1468--1479},
  year={1999},
  publisher={Society of Exploration Geophysicists}
}
@article{hale09,
  title={Structure-oriented smoothing and semblance},
  author={Hale, D},
  journal={CWP-635},
  pages={261--270},
  year={2009},
}
@article{hale13,
  title={Methods to compute fault images, extract fault surfaces, and estimate fault throws from 3{D} seismic images},
  author={Hale, D},
  journal={Geophysics},
  volume={78},
  number={2},
  pages={33--43},
  year={2013},
  publisher={Society of Exploration Geophysicists}
}
@article{karimi,
  title={Predictive coherence},
  author={Karimi, P and Fomel, S and Wood, L and Dunlap, D},
  journal={Interpretation},
  volume={3},
  number={4},
  pages={SAE1--SAE7},
  year={2015},
  publisher={Society of Exploration Geophysicists and American Association of Petroleum Geologists}
}
@article{kington,
  title={Semblance, coherence, and other discontinuity attributes},
  author={Kington, J},
  journal={The Leading Edge},
  volume={34},
  number={12},
  pages={1510--1512},
  year={2015},
  publisher={Society of Exploration Geophysicists}
}
@article{liu,
  title={Nonlinear structure-enhancing filtering using plane-wave prediction},
  author={Liu, Y and Fomel, S and Liu, G},
  journal={Geophysical Prospecting},
  volume={58},
  number={3},
  pages={415--427},
  year={2010},
  publisher={Wiley Online Library}}
@inproceedings{luo,
  title={Edge detection and stratigraphic analysis using 3{D} seismic data},
  author={Luo, Y and Higgs, W G and Kowalik, W S},
  booktitle={76th Annual International Meeting, SEG Expanded Abstracts},
  year={1996},
  organization={Society of Exploration Geophysicists},
  pages={324--327}
}
@article{marfurt98,
  title={3-{D} seismic attributes using a semblance-based coherency algorithm},
  author={Marfurt, K J and Kirlin, R L and Farmer, S L and Bahorich, M S},
  journal={Geophysics},
  volume={63},
  number={4},
  pages={1150--1165},
  year={1998},
  publisher={Society of Exploration Geophysicists}
}
@article{marfurt99,
  title={Coherency calculations in the presence of structural dip},
  author={Marfurt, K J and Sudhaker, V and Gersztenkorn, A and Crawford, K D and Nissen, S E},
  journal={Geophysics},
  volume={64},
  number={1},
  pages={104--111},
  year={1999},
  publisher={Society of Exploration Geophysicists}
}
@article{merzlikin,
  title={Diffraction imaging of high-resolution 3{D} {P}-cable data from the {G}ulf of {M}exico using azimuthal plane-wave destruction},
  author={Merzlikin, D and Meckel, T A and Fomel, S and Sripanich, Y},
  journal={First Break},
  volume={35},
  number={2},
  pages={35--41},
  year={2017}
}
@inproceedings{urtec,
  title={Unconventional Reservoir Characterization Using Azimuthal Seismic Diffraction Imaging},
  author={Merzlikin, D and Fomel, S and Wu, X and Phillips, M},
  year={2017},
  booktitle={Unconventional Resources Technology Conference},
  notes={2695232}
}
@book{ogorman,
  title={Practical algorithms for image analysis},
  author={O'Gorman, L and Sammon, M J and Seul, M},
  year={2008},
  publisher={Cambridge University Press}
}
@inproceedings{phillips,
  title={Structure-oriented plane-wave {S}obel filter for edge detection in seismic images},
  author={Phillips, M and Fomel, S and Swindeman, R},
  booktitle={86th Annual International Meeting, SEG Expanded Abstracts},
  pages={1954--1959},
  year={2016}
}
@inproceedings{randen00,
  title={Three-dimensional texture attributes for seismic data analysis},
  author={Randen, T and Monsen, E and Signer, C and Abrahamsen, A and Hansen, J O and S{\ae}ter, T and Schlaf, J and S{\o}nneland, L},
  booktitle={70th Annual International Meeting, SEG Expanded Abstracts},
  pages={668--671},
  year={2000}
}
@inproceedings{randen01,
  title={Automatic extraction of fault surfaces from three-dimensional seismic data},
  author={Randen, T and Pedersen, S I and Sonneland, L},
  booktitle={71st Annual International Meeting, SEG Expanded Abstract},
  year={2001},
  pages={551--554}
}
@article{sobel,
  title={A 3x3 isotropic gradient operator for image processing},
  author={Sobel, I and Feldman, G},
  journal={Stanford Artificial Project},
  pages={271--272},
  year={1968}
}
@phdthesis{swindeman,
  title={Iterative seismic data interpolation using plane-wave shaping},
  author={Swindeman, Ryan L},
  year={2015},
  type={M.{S}. thesis, {T}he {U}niversity of {T}exas at {A}ustin},
}
@misc{vanbemmel,
  title={Seismic signal processing method and apparatus for generating a cube of variance values},
  author={Van Bemmel, P P and Pepper, R E F},
  year={2000},
  month=nov # "~21",
  publisher={Google Patents},
  note={US Patent 6,151,555}
}
@article{wu16a,
  title={3{D} seismic image processing for faults},
  author={Wu, X and Hale, D},
  journal={Geophysics},
  volume={81},
  number={2},
  pages={IM1--IM11},
  year={2016},
  publisher={Society of Exploration Geophysicists}
}
@article{wu16b,
  title={Moving faults while unfaulting 3{D} seismic images},
  author={Wu, X and Luo, S and Hale, D},
  journal={Geophysics},
  volume={81},
  number={2},
  pages={IM25--IM33},
  year={2016},
  publisher={Society of Exploration Geophysicists}
}
@article{wu17,
  title={Directional structure-tensor-based coherence to detect seismic faults and channels},
  author={Wu, Xinming},
  journal={Geophysics},
  volume={82},
  number={2},
  pages={A13--A17},
  year={2017},
  publisher={Society of Exploration Geophysicists}
}
@misc{penobscot,
  title={{SEG W}iki: {P}enobscot 3{D}},
  howpublished="\url{http://wiki.seg.org/wiki/Penobscot_3D}",
  author={{Nova Scotia Department of Energy}},
  year={1992},
  note={accessed 15 September 2017}
}
@misc{parihaka,
  title={{SEG W}iki: {P}arihaka 3{D}},
  howpublished="\url{http://wiki.seg.org/wiki/Parihaka-3D}",
  journal={SEG Wiki},
  author={{New Zealand Petroleum \& Minerals}},
  year={2014},
  note={accessed 15 September 2017}

} 
