@incollection{sep,
title={Empowering {SEP's} documents},
author={S[ergey] Fomel and  M[atthias] Schwab and  J[oel] Schroeder},
pages={339--361},
type={SEP-Report},
publisher={Stanford Exploration Project},
year={1997},
journal={SEP-Report},
booktitle={SEP-94},
web={http://sepwww.stanford.edu/public/docs/sep94/matt3/paper_html/index.html,http://sepwww.stanford.edu/public/docs/sep94/matt3.ps.gz,http://sepwww.stanford.edu/public/docs/sep94/matt3.tar.gz},
keywords={noise(221), amplitudes(88), graphics(68) }}

@book{latex,
  title={{\LaTeX}: {A} document preparation system: {User's} guide and reference manual},
  author={Lamport, Leslie},
  year={1994},
  publisher={Addison-Wesley}
}

@book{tex,
  title={The {\TeX}book},
  author={Knuth, Donald Ervin},
  year={1984},
  publisher={Addison-Wesley}
}

@article{fomel2008guest,
  title={Guest editors' introduction: Reproducible research},
  author={Fomel, Sergey and Claerbout, Jon F},
  journal={Computing in Science \& Engineering},
  volume={11},
  number={1},
  pages={5--7},
  year={2008},
  publisher={IEEE}
}

@article{fomel2014reproducible,
  title={Reproducible research as a community effort: Lessons from the madagascar project},
  author={Fomel, Sergey},
  journal={Computing in Science \& Engineering},
  volume={17},
  number={1},
  pages={20--26},
  year={2014},
  publisher={IEEE}
}

@book{duvall2007continuous,
  title={Continuous integration: improving software quality and reducing risk},
  author={Duvall, Paul M and Matyas, Steve and Glover, Andrew},
  year={2007},
  publisher={Pearson Education}
}

@book{barrett2008mediawiki,
  title={MediaWiki: Wikipedia and beyond},
  author={Barrett, Daniel J},
  year={2008},
  publisher={" O'Reilly Media, Inc."}
}