
@inproceedings{Canales84,
  author =       {L[] L[] Canales},
  booktitle =    {54th Annual International Meeting},
  pages =        {525-527},
  publisher =    {SEG, Expanded Abstracts},
  title =        {Random noise reduction},
  year =         {1984}
}

@book{Claerbout92,
  author =       {J[] Claerbout},
  booktitle =    {Earth Soundings Analysis},
  pages =        {},
  publisher =    {Blackwell Scientific Publications},
  title =        {Processing Versus Inversion},
  year =         {1992}
}

@Article{Abma95,
  author = 	 {R[] Abma and J[] Claerbout},
  title = 	 {Lateral prediction for noise attenuation by $t$-$x$ and $f$-$x$ techniques},
  journal = 	 {Geophysics},
  year = 	 1995,
  volume =	 60,
  pages =	 {1887-1896}
}

@inproceedings{Crawley99,
  author =       {S[] Crawley},
  booktitle =    {69th Annual International Meeting},
  pages =        {1154-1157},
  publisher =    {SEG, Expanded Abstracts},
  title =        {Interpolation with smoothly nonstationary prediction-error filters},
  year =         {1999}
}

@inproceedings{Curry03,
  author =       {W[] Curry},
  booktitle =    {73th Annual International Meeting},
  pages =        {1913-1916},
  publisher =    {SEG, Expanded Abstracts},
  title =        {Interpolation of irregularly-sampled data with non-stationary, multi-scale prediction-error filters},
  year =         {2003}
}

@Article{Fomel07,
  author = 	 {S[ergey] Fomel},
  title = 	 {Shaping regularization in geophysical-estimation problems},
  journal = 	 {Geophysics},
  year = 	 2007,
  volume =	 72,
  pages =	 {R29-R36}
}

@Article{Fomel09,
  author = 	 {S[] Fomel},
  title = 	 {Adaptive multiple subtraction using regularized nonstationary regression},
  journal = 	 {Geophysics},
  year = 	 2009,
  volume =	 74,
  pages =	 {V25-V33}
}

@Article{Liu13,
  author = 	 {G[] C[] Liu and X[] H[] Chen},
  title = 	 {Noncausal $f$-$x$-$y$ regularized nonstationary prediction filtering for random noise attenuation on {3D} seismic data},
  journal = 	 {Journal of Applied Geophysics},
  year = 	 2013,
  volume =	 93,
  pages =	 {60-66}
}

@Article{Liu15,
  author = 	 {Y[] Liu and N[] Liu and C[] Liu},
  title = 	 {Adaptive prediction filtering in $t$-$x$-$y$ domain for random noise attenuation using regularized nonstationary autoregression},
  journal = 	 {Geophysics},
  year = 	 2015,
  volume =	 80,
  pages =	 {V13-V21}
}

@inproceedings{Fomel16,
  author =       {S[] Fomel and J[] Claerbout},
  booktitle =    {86th Annual International Meeting},
  pages =        {4787-4791},
  publisher =    {SEG, Expanded Abstracts},
  title =        {Streaming prediction-error filters},
  year =         {2016}
}

@Article{Chen15,
  author = 	 {Y[] Chen and S[] Fomel},
  title = 	 {Random noise attenuation using local signal-and-noise orthogonalization},
  journal = 	 {Geophysics},
  year = 	 2015,
  volume =	 80,
  pages =	 {WD1-WD9}
}

@Article{Liu11,
  author =	 {Y[ang] Liu and S[ergey] Fomel},
  title = 	 {Seismic data interpolation beyond aliasing using regularized nonstationary autoregression},
  journal = 	 {Geophysics},
  year = 	 2011,
  volume =	 76,
  pages =	 {V69-V77}
}

@Article{Liu12,
  author = 	 {G[] C[] Liu and X[] H[] Chen and J[] Du and K[] L[] Wu},
  title = 	 {Random noise attenuation using $f$-$x$ regularized nonstationary autoregression},
  journal = 	 {Geophysics},
  year = 	 2012,
  volume =	 77,
  pages =	 {V61-V69}
}

@Article{Ruan15,
  author = 	 {K[] Ruan and J[] Jennings and E[] Biondi and R[] G[] Clapp and S[] A[] Levin and J[on] Claerbout},
  title = 	 {Industrial scale high-performance adaptive filtering with {PEF} applications},
  journal = 	 {Stanford Exploration Project},
  year = 	 2015,
  volume =	 {SEP-160},
  pages =	 {177-188}
}

@Article{Hager89,
  author = 	 {W[] W[] Hager},
  title = 	 {Updating the inverse of a matrix},
  journal = 	 {SIAM Review},
  year = 	 1989,
  volume =	 31,
  pages =	 {221-239}
}

@Article{m8r,
  author = {S. Fomel and P. Sava and I. Vlad and Y. Liu and
                 V. Bashkardin},
  title = {Madagascar: open-source software project for
              multidimensional data analysis and reproducible 
              computational experiments},
  journal = 	 {Journal of Open Research Software},
  year = 	 2013,
  volume = 	 1,
  number = 	 1,
  pages = 	 {e8},
  doi =          {http://dx.doi.org/10.5334/jors.ag}
}