@Article{bayes,
  title={Probabilistic machine learning and artificial intelligence},
  author={Zoubin Ghahramani},
  journal={Nature},
  year={2015},
  volume={521},
  pages={452-459}
}

@Article{coherence,
author = {Xinming Wu},
title = {Directional structure-tensor-based coherence to detect seismic faults and channels},
journal = {Geophysics},
volume = {82},
issue = {2},
pages = {A13-A17},
year = {2017},
doi = {10.1190/geo2016-0473.1},

URL = { 
        https://doi.org/10.1190/geo2016-0473.1
    
},
eprint = { 
        https://doi.org/10.1190/geo2016-0473.1
    
}

}


@Article{bayesianSegNet,
  author    = {Alex Kendall and
               Vijay Badrinarayanan and
               Roberto Cipolla},
  title     = {Bayesian SegNet: Model Uncertainty in Deep Convolutional Encoder-Decoder
               Architectures for Scene Understanding},
  journal   = {CoRR},
  volume    = {abs/1511.02680},
  year      = {2015},
  url       = {http://arxiv.org/abs/1511.02680},
  archivePrefix = {arXiv},
  eprint    = {1511.02680},
  timestamp = {Wed, 07 Jun 2017 14:41:27 +0200},
  biburl    = {https://dblp.org/rec/bib/journals/corr/KendallBC15},
  bibsource = {dblp computer science bibliography, https://dblp.org}
}


@Article{sweetness,
author = {Hart, Bruce S.},
title = {Channel detection in 3-D seismic data using sweetness},
journal = {AAPG Bulletin},
volume = {92},
issue = {6},
pages = {733},
year = {2008},
doi = {10.1306/02050807127},
URL = { + http://dx.doi.org/10.1306/02050807127},
eprint = {/gsw/content_public/journal/aapgbull/92/6/10.1306_02050807127/5/bltn07127.pdf}
}

@Article{instantaneous,
author = {Jianlei Liu and Kurt J. Marfurt},
title = {Instantaneous spectral attributes to detect channels},
journal = {Geophysics},
volume = {72},
issue = {2},
pages = {P23-P31},
year = {2007},
doi = {10.1190/1.2428268},

URL = { 
        https://doi.org/10.1190/1.2428268
    
},
eprint = { 
        https://doi.org/10.1190/1.2428268
    
}

}



@inproceedings{pyramid,
author = {John Mathewson and Dave Hale},
title = {Detection of channels in seismic images using the steerable pyramid},
booktitle = {78th Annual International Meeting},
publisher = {SEG, Expanded Abstracts},
pages = {859-863},
year = {2008},
doi = {10.1190/1.3063777},
URL = {https://library.seg.org/doi/abs/10.1190/1.3063777},
eprint = {https://library.seg.org/doi/pdf/10.1190/1.3063777}
}

@Article{attributes,
author = {Joe Kington},
title = {Semblance, coherence, and other discontinuity attributes},
journal = {The Leading Edge},
volume = {34},
issue = {12},
pages = {1510-1512},
year = {2015},
doi = {10.1190/tle34121510.1},

URL = { 
        https://doi.org/10.1190/tle34121510.1
    
},
eprint = { 
        https://doi.org/10.1190/tle34121510.1
    
}

}

@Article{diffraction,
author = {Sergey Fomel and Evgeny Landa and M. Turhan Taner},
title = {Poststack velocity analysis by separation and imaging of seismic diffractions},
journal = {Geophysics},
volume = {72},
issue = {6},
pages = {U89-U94},
year = {2007},
doi = {10.1190/1.2781533},

URL = { 
        https://doi.org/10.1190/1.2781533
    
},
eprint = { 
        https://doi.org/10.1190/1.2781533
    
}

}


@Article{SegNet,
  author    = {Vijay Badrinarayanan and
               Alex Kendall and
               Roberto Cipolla},
  title     = {SegNet: {A} Deep Convolutional Encoder-Decoder Architecture for Image
               Segmentation},
  journal   = {CoRR},
  volume    = {abs/1511.00561},
  year      = {2015},
  url       = {http://arxiv.org/abs/1511.00561},
  archivePrefix = {arXiv},
  eprint    = {1511.00561},
  timestamp = {Wed, 07 Jun 2017 14:40:10 +0200},
  biburl    = {https://dblp.org/rec/bib/journals/corr/BadrinarayananK15},
  bibsource = {dblp computer science bibliography, https://dblp.org}
}

@Article{nature,
  author    = {Yann LeCun and
               Yoshua Bengio and
               Geoffrey E. Hinton},
  title     = {Deep learning},
  journal   = {Nature},
  volume    = {521},
  issue    = {7553},
  pages     = {436--444},
  year      = {2015},
  url       = {https://doi.org/10.1038/nature14539},
  doi       = {10.1038/nature14539},
  timestamp = {Sat, 20 May 2017 01:00:00 +0200},
  biburl    = {http://dblp.org/rec/bib/journals/nature/LeCunBH15},
  bibsource = {dblp computer science bibliography, http://dblp.org}
}

@Article{dropout,
 author = {Srivastava, Nitish and Hinton, Geoffrey and Krizhevsky, Alex and Sutskever, Ilya and Salakhutdinov, Ruslan},
 title = {Dropout: A Simple Way to Prevent Neural Networks from Overfitting},
 journal = {J. Mach. Learn. Res.},
 issue_date = {January 2014},
 volume = {15},
 issue = {1},
 month = jan,
 year = {2014},
 issn = {1532-4435},
 pages = {1929--1958},
 numpages = {30},
 url = {http://dl.acm.org/citation.cfm?id=2627435.2670313},
 acmid = {2670313},
 publisher = {JMLR.org},
 keywords = {deep learning, model combination, neural networks, regularization},
} 
@Article{Dumoulin2016AGT,
  title={A guide to convolution arithmetic for deep learning},
  author={Vincent Dumoulin and Francesco Visin},
  journal={CoRR},
  year={2016},
  volume={abs/1603.07285}
}

@Article{adam,
  author    = {Diederik P. Kingma and
               Jimmy Ba},
  title     = {Adam: {A} Method for Stochastic Optimization},
  journal   = {CoRR},
  volume    = {abs/1412.6980},
  year      = {2014},
  url       = {http://arxiv.org/abs/1412.6980},
  archivePrefix = {arXiv},
  eprint    = {1412.6980},
  timestamp = {Wed, 07 Jun 2017 14:40:52 +0200},
  biburl    = {http://dblp.org/rec/bib/journals/corr/KingmaB14},
  bibsource = {dblp computer science bibliography, http://dblp.org}
}

@Article{gal2015dropout,
  title={Dropout as a Bayesian approximation: Representing model uncertainty in deep learning},
  author={Gal, Yarin and Ghahramani, Zoubin},
  journal={arXiv preprint arXiv:1506.02142},
  year={2015}
}

@Article{Gal2015BayesianCN,
  title={Bayesian Convolutional Neural Networks with Bernoulli Approximate Variational Inference},
  author={Yarin Gal and Zoubin Ghahramani},
  journal={CoRR},
  year={2015},
  volume={abs/1506.02158}
}

@Article{BN,
  author    = {Sergey Ioffe and
               Christian Szegedy},
  title     = {Batch Normalization: Accelerating Deep Network Training by Reducing
               Internal Covariate Shift},
  journal   = {CoRR},
  volume    = {abs/1502.03167},
  year      = {2015},
  url       = {http://arxiv.org/abs/1502.03167},
  archivePrefix = {arXiv},
  eprint    = {1502.03167},
  timestamp = {Wed, 07 Jun 2017 14:40:49 +0200},
  biburl    = {https://dblp.org/rec/bib/journals/corr/IoffeS15},
  bibsource = {dblp computer science bibliography, https://dblp.org}
}

@Article{IU,
  author    = {Jonathan Long and
               Evan Shelhamer and
               Trevor Darrell},
  title     = {Fully Convolutional Networks for Semantic Segmentation},
  journal   = {CoRR},
  volume    = {abs/1411.4038},
  year      = {2014},
  url       = {http://arxiv.org/abs/1411.4038},
  archivePrefix = {arXiv},
  eprint    = {1411.4038},
  timestamp = {Wed, 07 Jun 2017 14:42:28 +0200},
  biburl    = {https://dblp.org/rec/bib/journals/corr/LongSD14},
  bibsource = {dblp computer science bibliography, https://dblp.org}
}

@article{Mason,
author = {Mason Phillips and Sergey Fomel},
title = {Plane-wave Sobel attribute for discontinuity enhancement in seismic images},
journal = {Geophysics},
volume = {82},
issue = {6},
pages = {WB63-WB69},
year = {2017},
doi = {10.1190/geo2017-0233.1},

URL = { 
        https://doi.org/10.1190/geo2017-0233.1
    
},
eprint = { 
        https://doi.org/10.1190/geo2017-0233.1
    
}

}

@book{geoest,
  title={Geophysical Image Estimation by Example},
  author={Claerbout, J.},
  isbn={9781312474673},
  url={https://books.google.com/books?id=cvszBwAAQBAJ},
  year={2014},
}
