@Article{An15,
  author = 	 {Y[] An},
  title = 	 {Fracture prediction using prestack Q calculation and
  attenuation anisotropy},
  journal = 	 {Applied Geophysics},
  year = 	 2015,
  volume =	 12,
  pages =	 {430-440}
}

@book{Bath74,
   author =       {M[] Bath},
   publisher =    {Elsevier Scientific Publishing Company, New York},
   title =        {Spectral analysis in geophysics},
   year =         {1974},
}

@Article{Engelhard96,
  author = 	 {L[] Engelhard},
  title = 	 {Determination of seismic-wave attenuation by complex trace
  analysis},
  journal = 	 {Geophysical Journal International},
  year = 	 1996,
  volume =	 125,
  pages =	 {608-622}
}

@Article{Fomel07a,
  author = 	 {S[] Fomel},
  title = 	 {Local seismic attributes},
  journal = 	 {Geophysics},
  year = 	 2007a,
  volume =	 72,
  pages =	 {A29-A33}
}

@Article{Fomel07b,
  author = 	 {S[] Fomel},
  title = 	 {Shaping regularization in geophysical-estimation problems},
  journal = 	 {Geophysics},
  year = 	 2007b,
  volume =	 72,
  pages =	 {R29-R36}
}

@Article{Gao07,
  author = 	 {J[] H[] Gao and S[] L[] Yang},
  title = 	 {On the method of quality factors estimation from zero-off
  set VSP data},
  journal = 	 {Chines Journal of Geophysics (in Chinese)},
  year = 	 2007,
  volume =	 50,
  pages =	 {1198-1209}
}

@Article{Gong09,
  author = 	 {T[] J[] Gong and C[] Y[] Sun and H[] C[] Peng and
  Y[] F[] Xiao and T[] T[] Sun},
  title = 	 {Comparison of several computational methods of quality
  factor},
  journal = 	 {Progress in Exploration Geophysics (in Chinese)},
  year = 	 2009,
  volume =	 32,
  pages =	 {252-256}
}

@Article{Hao16,
  author = 	 {Y[] J[] Hao and X[] T[] Wen and B[] Zhang and Z[] H[] He
  and R[] Zhang and J[] M[] Zhang},
  title = 	 {Q estimation of seismic data using the generalized
  S-transform},
  journal = 	 {Journal of Applied Geophysics},
  year = 	 2016,
  volume =	 135,
  pages =	 {122-134}
}

@Article{Hu13,
  author = 	 {C[] H[] Hu and N[] Tu and W[] K[] Lu},
  title = 	 {Seismic attenuation estimation using an improved frequency
  shift method},
  journal = 	 {IEEE Geoscience and Remote Sensing Letters},
  year = 	 2013,
  volume =	 10,
  pages =	 {1026-1030}
}

@Article{Jannsen85,
  author = 	 {D[] Jannsen and J[] Voss and F[] Theilen},
  title = 	 {Comparison of methods to determine Q in shallow marine sediments from vertical reflection seismograms},
  journal = 	 {Geophysical Prospecting},
  year = 	 1985,
  volume =	 33,
  pages =	 {479-497}
}

@Article{Kjartansson79,
  author = 	 {E[] Kjartansson},
  title = 	 {Constant Q-wave propagation and attenuation},
  journal = 	 {Journal of Geophysical Research},
  year = 	 1979,
  volume =	 84,
  pages =	 {4737-4748}
}

@Article{Li15a,
  author = 	 {C[] H[] Li and X[] W[] Liu},
  title = 	 {A new method for interval Q-factor inversion from seismic
  reflection data},
  journal = 	 {Geophysics},
  year = 	 2015,
  volume =	 80,
  pages =	 {R361-R373}
}

@Article{Li15b,
  author = 	 {F[] Y[] Li and H[] L[] Zhou and N[] Jiang and T[] X[] Bi
  and K[] J[] Margurt},
  title = 	 {Q estimation from reflection seismic data for hydrocarbon
  detection using a modified frequency shift method},
  journal = 	 {Journal of Geophysics and Engineering},
  year = 	 2015,
  volume =	 12,
  pages =	 {577-586}
}

@Article{Liu18,
  author = 	 {G[] C[] Liu and X[] H[] Chen and Y[] Rao},
  title = 	 {Seismic quality factor estimation using frequency-dependent
  linear fitting},
  journal = 	 {Journal of Applied Geophysics},
  year = 	 2018,
  volume =	 156,
  pages =	 {1-8}
}

@Article{Liu11,
  author = 	 {G[] C[] Liu and X[] H[] Chen and J[] Du and Y[] Liu},
  title = 	 {Seismic Q estimation using S-transform with regularized
  inversion},
  journal = 	 {Oil Geophysics Prospecting (in Chinese)},
  year = 	 2011,
  volume =	 46,
  pages =	 {417-422}
}

@Article{Liu16a,
  author = 	 {X[] H[] Liu and G[] C[] Liu and Y[] Q[] Cui and
  Z[] D[] Wang and X[] M[] Bai},
  title = 	 {Q estimation with lateral constraint based on local
  time-frequency transform},
  journal = 	 {Oil Geophysics Prospecting (in Chinese)},
  year = 	 2016,
  volume =	 51,
  pages =	 {868-874}
}

@Article{Liu13,
  author = 	 {Y[] Liu and S[] Fomel},
  title = 	 {Seismic data analysis using local time-frequency
  decomposition},
  journal = 	 {Geophysical Prospecting},
  year = 	 2013,
  volume =	 61,
  pages =	 {516-525}
}

@Article{Liu16b,
  author = 	 {Y[] Liu and B[] X[] Li and C[] Liu and C[] L[] Chen
  and X[] T[] Yang},
  title = 	 {Attenuation compensation method of seismic wave in the
  local time-frequency transform domain},
  journal = 	 {Journal of Jilin University (Earth Science Edition)
  (in Chinese)},
  year = 	 2016,
  volume =	 46,
  pages =	 {594-602}
}

@Article{Lupinacci15,
  author = 	 {W[] M[] Lupinacci and S[] A[] Oliveira},
  title = 	 {Q factor estimation from the amplitude spectrum of the
  time-frequency transform of stacked reflection seismic data},
  journal = 	 {Journal of Applied Geophysics},
  year = 	 2015,
  volume =	 114,
  pages =	 {202-209}
}

@Article{Quan97,
  author = 	 {Y[] L[] Quan and J[] M[] Harris},
  title = 	 {Seismic attenuation tomography using the frequency shift
  method},
  journal = 	 {Geophysics},
  year = 	 1997,
  volume =	 62,
  pages =	 {895-905}
}

@Article{Raikes84,
  author = 	 {S[] A[] Raikes and R[] E[] White},
  title = 	 {Measurement of earth attenuation from downhole and surface
  seismic recordings},
  journal = 	 {Geophysical Prospecting},
  year = 	 1984,
  volume =	 32,
  pages =	 {892-919}
}

@Article{Reine09,
  author = 	 {C[] Reine and M[] ver der Baan and R[] Clark},
  title = 	 {The robustness of seismic attenuation measurements using
  fixed- and variable-window time-frequency transforms},
  journal = 	 {Geophysics},
  year = 	 2009,
  volume =	 74,
  pages =	 {WA123-WA135}
}

@Article{Tonn91,
  author = 	 {R[] Tonn},
  title = 	 {The determination of seismic quality factor Q from VSP
  data: A comparison of different computational method},
  journal = 	 {Geophysical Prospecting},
  year = 	 1991,
  volume =	 39,
  pages =	 {1-27}
}

@Article{Wang15a,
  author = 	 {S[] D[] Wang and D[] F[] Yang and J[] N[] Li and
  H[] J[] Song},
  title = 	 {Q factor estimation based on the method of logarithmic
  spectral area difference},
  journal = 	 {Geophysics},
  year = 	 2015,
  volume =	 80,
  pages =	 {V157-V171}
}

@Article{Wang02,
  author = 	 {Y[] H[] Wang},
  title = 	 {A stable and efficient approach to inverse Q filtering},
  journal = 	 {Geophysics},
  year = 	 2002,
  volume =	 67,
  pages =	 {657-663}
}

@Article{Wang04,
  author = 	 {Y[] H[] Wang},
  title = 	 {Q analysis on reflection seismic data},
  journal = 	 {Geophysical Research Letters},
  year = 	 2004,
  volume =	 31,
  pages =	 {L17606}
}

@Article{Wang06,
  author = 	 {Y[] H[] Wang},
  title = 	 {Inverse Q-filter for seismic resolution enhancement},
  journal = 	 {Geophysics},
  year = 	 2006,
  volume =	 71,
  pages =	 {V51-V60}
}

@Article{Wang15b,
  author = 	 {Z[] J[] Wang and S[] Y[] Cao and H[] R[] Zhang and Y[] M[]
  Qu and D[] Yuan and J[] H[] Yang and D[] L[] Zhang and G[] M[] Shao},
  title = 	 {Estimation of quality factors by energy ration method},
  journal = 	 {Applied Geophysics},
  year = 	 2015,
  volume =	 12,
  pages =	 {86-92}
}

@Article{Winkler82,
  author = 	 {K[] W[] Winkler and A[] Nur},
  title = 	 {Seismic attenuation: effects of pore fluids and
  frictional sliding},
  journal = 	 {Geophysics},
  year = 	 1982,
  volume =	 47,
  pages =	 {1-15}
}

@Article{Wu18,
  author = 	 {Z[] W[] Wu and Y[] J[] Wu and M[] H[] Xu and S[] Guo },
  title = 	 {Q-factor estimation in CMP gather and the continuous
  spectral ration slope method},
  journal = 	 {Applied Geophysics},
  year = 	 2018,
  volume =	 15,
  pages =	 {481-490}
}

@Article{Yan01,
  author = 	 {Y[] S[] Yan and M[] L[] Yi and X[] Wei and W[] M[] Wan},
  title = 	 {Joint tomographic imaging for cross-hole seismic velocity
  and Q value},
  journal = 	 {Oil Geophysics Prospecting (in Chinese)},
  year = 	 2001,
  volume =	 36,
  pages =	 {9-17}
}

@Article{Zhang02,
  author = 	 {C[] J[] Zhang and T[] J[] Ulrych},
  title = 	 {Estimation of quality factors from CMP records},
  journal = 	 {Geophysics},
  year = 	 2002,
  volume =	 67,
  pages =	 {1542-1547}
}

@Article{Zhao13,
  author = 	 {N[] Zhao and S[] Y[] Cao and Z[] J[] Wang and L[] F[] Zhu
  and L[] N[] Bai and Y[] F[] Hu and H[] R[] zhang},
  title = 	 {Seismic Q estimation by combinations of frequency
  statistics attributes},
  journal = 	 {Oil Geophysics Prospecting (in Chinese)},
  year = 	 2013,
  volume =	 48,
  pages =	 {545-552}
}
