@Article{m8r,
  author = {S. Fomel and P. Sava and I. Vlad and Y. Liu and
                 V. Bashkardin},
  title = {Madagascar: open-source software project for
              multidimensional data analysis and reproducible 
              computational experiments},
  journal = 	 {Journal of Open Research Software},
  year = 	 2013,
  volume = 	 1,
  number = 	 1,
  pages = 	 {e8},
  doi =          {http://dx.doi.org/10.5334/jors.ag}
}

@Article{Lee85,
  author = 	 {Y[] H[] Lee and S[] A[] Kassam},
  title = 	 {Generalized median filtering and related nonlinear filtering techniques},
  journal = 	 {IEEE Transactions on Acoustics, Speech, and Signal Processing},
  year = 	 1985,
  volume =	 {ASSP-33},
  pages =	 {672-683}
}

@Article{Wu91,
  author = 	 {W[] L[] Wu and A[] Kundu},
  title = 	 {New type of modified trimmed mean filter},
  journal = 	 {Proceedings of Spie the International Society for Optical Engineering},
  year = 	 1991,
  volume =	 1451,
  pages =	 {13-23}
}
