
@Comment @Article{Candes06,
@Comment   author = 	 {E[] Candes and L[] Demanet and D[] Donoho and L[] Ying},
@Comment   title = 	 {Fast discrete curvelet transforms},
@Comment   journal = 	 {Multiscale Modeling \& Simulation},
@Comment   year = 	 2006,
@Comment   volume =	 5,
@Comment   pages =	 {no.3,861-899}
@Comment }

@book{Claerbout92,
  author =       {J[] F[] Claerbout},
  booktitle =    {Earth Soundings Analysis},
  pages =        {},
  publisher =    {Blackwell Scientific Publications},
  title =        {Earth Soundings Analysis: Processing Versus Inversion},
  year =         {1992}
}

@book{Claerbout09,
  author =       {J[] F[] Claerbout},
  booktitle =    {Basic earth imaging},
  pages =        {},
  publisher =    {},
  address =      {http://sepwww.stanford.edu/sep/prof/},
  title =        {Basic earth imaging: Stanford Exploration Project},
  year =         {2009}
}

@inproceedings{Crawley99,
  author =       {S[] Crawley and R[] Clapp and J[] F[] Claerbout},
  booktitle =    {69th Annual International Meeting},
  pages =        {1154-1157},
  publisher =    {SEG, Expanded Abstracts},
  title =        {Interpolation with smoothly nonstationary prediction-error filters},
  year =         {1999}
}



@inproceedings{Curry03,
  author =       {W[] Curry},
  booktitle =    {73rd Annual International Meeting},
  pages =        {1913-1916},
  publisher =    {SEG, Expanded Abstracts},
  title =        {Interpolation of irregularly-sampled data with non-stationary, multi-scale prediction-error filters},
  year =         {2003}
}

@Article{Curry10,
  author = 	 {W[] Curry and G[] Shan},
  title = 	 {Interpolation of near offsets using multiples and prediction-error filters},
  journal = 	 {Geophysics},
  year = 	 2010,
  volume =	 75,
  pages =	 {no.6, WB153-WB164}
}

@Article{Fomel03,
  author = 	 {S[] Fomel},
  title = 	 {Seismic reflection data interpolation with differential offset and shot continuation},
  journal = 	 {Geophysics},
  year = 	 2003,
  volume =	 68,
  pages =	 {no.2, 733-744}
}

@inproceedings{Fomel16,
  author =       {S[] Fomel and J[] F[] Claerbout},
  booktitle =    {86th Annual International Meeting},
  pages =        {4787-4791},
  publisher =    {SEG, Expanded Abstracts},
  title =        {Streaming prediction-error filters},
  year =         {2016}
}

@inproceedings{Jager02,
  author =       {C[] Jager and T[] Hertweck and P[] Hubral},
  booktitle =    {72nd Annual International Meeting},
  pages =        {2178-2181},
  publisher =    {SEG, Expanded Abstracts},
  title =        {The unified approach and its applications:wave-equation based trace interpolation},
  year =         {2002}
}

@Article{Liu10,
  author = 	 {Y[] Liu and S[] Fomel},
  title = 	 {{OC}-seislet: seislet transform construction with differential offset continuation},
  journal = 	 {Geophysics},
  year = 	 2010,
  volume =	 75,
  pages =	 {no.6, WB235-WB245}
}

@inproceedings{Mazzucchelli99,
  author =       {P[] Mazzucchelli and F[] Rocca and U[] Spagnolini},
  booktitle =    {69th Annual International Meeting},
  pages =        {1995-1998},
  publisher =    {SEG, Expanded Abstracts},
  title =        {Regularizing land acquisition using shot continuation operators:Effects on amplitudes},
  year =         {1999}
}
@Article{Liu11,
  author = 	 {Y[] Liu and S[] Fomel},
  title = 	 {Seismic data interpolation beyond aliasing using regularized nonstationary autoregression},
  journal = 	 {Geophysics},
  year = 	 2011,
  volume =	 76,
  pages =	 {no.5, V69-V77}
}

@Article{Porsani99,
  author = 	 {J[] M[] Porsani},
  title = 	 {Seismic trace interpolation using half-step prediction filters},
  journal = 	 {Geophysics},
  year = 	 1999,
  volume =	 64,
  pages =	 {no.5, 1461-1467}
}

@Comment @inproceedings{Sacchi95,
@Comment   author =       {M[] D[] Sacchi and T[] J[] Ulrych},
@Comment   booktitle =    {65th Annual International Meeting},
@Comment   pages =        {616-618},
@Comment   publisher =    {SEG, Expanded Abstracts},
@Comment   title =        {Model re-weighted least-squares Radon operators},
@Comment   year =         {1995}
@Comment }

@Comment @inproceedings{Schonewille05,
@Comment   author =       {M[] A[] Schonewille and R[] Hegge and R[] Van Borselen},
@Comment   booktitle =    {67th Annual International Conference and Exhibition},
@Comment   pages =        {cp-1},
@Comment   publisher =    {EAGE, Extended Abstracts},
@Comment   title =        {A comparison of sparse inversion techniques for 3{D} {SRME}},
@Comment   year =         {2005}
@Comment }

@Article{Spitz91,
  author = 	 {S[] Spitz},
  title = 	 {Seismic trace interpolation in the {F-X} domain},
  journal = 	 {Geophysics},
  year = 	 1991,
  volume =	 56,
  pages =	 {no.6, 785-794}
}

@Article{Wang09,
  author = 	 {Y[] Wang and Y[] Luo and G[] T[] Schuster},
  title = 	 {Interferometric interpolation of missing seismic data},
  journal = 	 {Geophysics},
  year = 	 2009,
  volume =	 74,
  pages =	 {no.3, SI37-SI45}
}


@Article{Hager89,
  author = 	 {W[] W[] Hager},
  title = 	 {Updating the inverse of a matrix},
  journal = 	 {SIAM Review},
  year = 	 1989,
  volume =	 31,
  pages =	 {no.2, 221-239}
}

@Article{Abma06,
  author = 	 {R[] Abma and N Kabir},
  title = 	 {3{D} interpolation of irregular data with a {POCS} algorithm},
  journal = 	 {Geophysics},
  year = 	 2006,
  volume =	 71,
  pages =	 {no.6, E91-E97}
}

@Article{Fomel02,
  author = 	 {S[] Fomel},
  title = 	 {Applications of plane-wave destruction filters},
  journal = 	 {Geophysics},
  year = 	 2002,
  volume =	 67,
  pages =	 {no.6, 1946-1960}
}


@Article{Abma95,
  author = 	 {R[] Abma and J[] F[] Claerbout},
  title = 	 {Lateral prediction for noise attenuation by t-x and f-x techniques},
  journal = 	 {Geophysics},
  year = 	 1995,
  volume =	 60,
  pages =	 {no.6, 1887-1896}
}


@inproceedings{Shao17,
  author =       {J[] Shao and Y[] Wang and Q[] Xue and X[] Chang},
  booktitle =    {87th Annual International Meeting},
  pages =        {4343-4347},
  publisher =    {SEG, Expanded Abstracts},
  title =        {Radon domain interferometric interpolation of sparse seismic data},
  year =         {2017}
}


@Article{Jia17,
  author = 	 {Y[] Jia and J[] Ma},
  title = 	 {What can machine learning do for seismic data processing? An interpolation application},
  journal = 	 {Geophysics},
  year = 	 2017,
  volume =	 82,
  pages =	 {no.3, V163-V177}
}


@Article{Jia18,
  author = 	 {Y[] Jia and S[] Yu and J[] Ma},
  title = 	 {Intelligent interpolation by Monte Carlo machine learning},
  journal = 	 {Geophysics},
  year = 	 2018,
  volume =	 83,
  pages =	 {no.2, V83-V97}
}

@Article{Wang19,
  author = 	 {B[] Wang and N[] Zhang and W[] Lu and J[] Wang},
  title = 	 {Deep-learning-based seismic data interpolation: A preliminary result},
  journal = 	 {Geophysics},
  year = 	 2019,
  volume =	 84,
  pages =	 {no.1,V 11-V20}
}

@inproceedings{Zheng19,
  author =       {Z[] Zheng and Y[] Liu and C[] Liu and G[] Wu},
  booktitle =    {81st Annual International Conference and Exhibition},
  pages =        {1-5},
  publisher =    {EAGE, Expanded Abstracts},
  title =        {Seismic Data Interpolation Using Streaming Prediction Filter in the F-X Domain},
  year =         {2019}
}

@Article{Naghizadeh09,
  author = 	 {M[] Naghizadeh and M[] D[] Sacchi},
  title = 	 {f-x adaptive seismic-trace interpolation},
  journal = 	 {Geophysics},
  year = 	 2009,
  volume =	 74,
  pages =	 {no.1, V9-V16}
}


@Comment @inproceedings{Huard96,
@Comment   author = 	 {I[] Huard and S[] Medina and S[] Spitz},
@Comment   booktitle =    {58th Annual International Conference and Exhibition},
@Comment   title = 	 {{F-XY} wavefield de-aliasing for acquisition configurations leading to coarse sampling},
@Comment   publisher =    {EAGE, Expanded Abstracts},
@Comment   year = 	 1996,
@Comment   pages =	 {B039}
@Comment }


@Article{Wang02,
  author = 	 {Y[] Wang},
  title = 	 {Seismic trace interpolation in the f-x-y domain},
  journal = 	 {Geophysics},
  year = 	 2002,
  volume =	 67,
  pages =	 {no.4, 1232-1239}
}


@Article{Gulunay03,
  author = 	 {N[] Gulunay},
  title = 	 {Seismic trace interpolation in the {F}ourier transform domain},
  journal = 	 {Geophysics},
  year = 	 2003,
  volume =	 68,
  pages =	 {no.1, 355-369}
}


@Article{Herrmann08,
  author = 	 {F[] Herrmann and G[] Hennenfent},
  title = 	 {Non-parametric seismic data recovery with curvelet frames},
  journal = 	 {Geophysics Journal International},
  year = 	 2008,
  volume =	 173,
  pages =	 {no.1, 233-248}
}


@Article{Naghizadeh10,
  author = 	 {M[] Naghizadeh and M[] D[] Sacchi},
  title = 	 {Beyond alias hierarchical scale curvelet interpolation of regularly and irregularly sampled seismic data},
  journal = 	 {Geophysics},
  year = 	 2010,
  volume =	 75,
  pages =	 {no.6, WB183-WB202}
}


@Article{Yang12,
  author = 	 {P[] Yang and J[] Gao},
  title = 	 {Curvelet-based {POCS} interpolation of nonuniformly sampled seismic records},
  journal = 	 {Journal of Applied Geophysics},
  year = 	 2012,
  volume =	 79,
  pages =	 {90-99}
}


@Article{Shahidi13,
  author = 	 {R[] Shahidi and G[] Tang and J[] Ma and F[] Herrmann},
  title = 	 {Application of randomized sampling schemes to curvelet-based sparsity-promoting seismic data recovery},
  journal = 	 {Geophysical Prospecting},
  year = 	 2013,
  volume =	 61,
  pages =	 {no.5, 973-997}
}


@Article{Wang15,
  author = 	 {B[] Wang and R[] Wu and X[] Chen and J[] Li},
  title = 	 {Simultaneous seismic data interpolation and denoising with a new adaptive method based on dreamlet transform},
  journal = 	 {Geophysics Journal International},
  year = 	 2015,
  volume =	 201,
  pages =	 {no.2, 1180-1192}
}


@Comment @Article{Liu13,
@Comment   author = 	 {C[] Liu and P[] Liu and Y[] Liu and D[] Wang and X[] Feng and D[] Liu},
@Comment   title = 	 {Iterative data interpolation beyond aliasing using seislet transform},
@Comment   journal = 	 {Chinese Journal of Geophysics},
@Comment   year = 	 2013,
@Comment   volume =	 56,
@Comment   pages =	 {1619-1627}
@Comment }




@Article{Liu18,
  author = 	 {G[] Liu and X[] Chen},
  title = 	 {Seismic data interpolation using frequency domain complex nonstationary autoregression},
  journal = 	 {Geophysical Prospecting},
  year = 	 2018,
  volume =	 66,
  pages =	 {no.3, 478-497}
}


@Article{Liuy18,
  author = 	 {Y[] Liu and B[] Li},
  title = 	 {Streaming orthogonal prediction filter in the t-x domain for random noise attenuation},
  journal = 	 {Geophysics},
  year = 	 2018,
  volume =	 83,
  pages =	 {F41-F48}
}

@Article{Liu15,
  author = 	 {Y[] Liu and S[] Fomel and C[] Liu},
  title = 	 {Signal and noise separation in prestack seismic data using velocity-dependent seislet transform},
  journal = 	 {Geophysics},
  year = 	 2015,
  volume =	 80,
  pages =	 {no.3, WD117-WD128}
}


@Article{Liug17,
  author = 	 {C[] Li and G[] Liu and Z[] Hao and S[] Zu and F[] Mi and X[] Chen},
  title = 	 {Multidimensional seismic data reconstruction using frequency-domain adaptive prediction-error filter},
  journal = 	 {IEEE Transactions on Geoscience and Remote Sensing},
  year = 	 2017,
  volume =	 56,
  pages =	 {no.4, 2328-2336}
}

@Article{Ying20,
  author = 	 {Y[] Wang and B[] Wang and N[] Tu and J[] Geng},
  title = 	 {Seismic Trace Interpolation for Irregularly Spatial Sampled Data Using Convolutional Auto-Encoder},
  journal = 	 {Geophysics},
  year = 	 2020,
  volume =	 85,
  pages =	 {no.2, V119-V130}
}

@Comment @Article{Liugc2018,
@Comment   author = 	 {G[] Liu and C[] Li and X[] Li and Q[] Ge and X[] Chen},
@Comment   title = 	 {Automatic stacking-velocity estimation using similarity-weighted clustering},
@Comment   journal = 	 {Geophysical Prospecting},
@Comment   year = 	 2018,
@Comment   volume =	 66,
@Comment   pages =	 {no.4,649-663}
@Comment }


@inproceedings{Wang07,
  author =       {X[] Wang and Y[] Zheng and M[] Perz},
  booktitle =    {77th Annual International Meeting},
  pages =        {2021-2025},
  publisher =    {SEG, Expanded Abstracts},
  title =        {3{D} seismic data interpolation via spatially localized f-xy prediction},
  year =         {2007}
}

@Comment @book{Claerbout10,
@Comment   author =       {J[] F[] Claerbout},
@Comment   booktitle =    {Image estimation by example},
@Comment   pages =        {},
@Comment   publisher =    {},
@Comment   address =      {http://sepwww.stanford.edu/sep/prof/},
@Comment   title =        {Image estimation by example: Geophysical soundings image construction},
@Comment   year =         {2010}
@Comment }

@Comment @Article{Claerbout10,
@Comment   author = 	 {J[] F[] Claerbout},
@Comment   title = 	 {Image estimation by example: Geophysical soundings image construction},
@Comment   journal = 	 {Stanford Exploration Project, http://sepwww.stanford.edu/sep/prof/},
@Comment   year = 	 2010
@Comment }

@Article{Abma95,
  author = 	 {R[] Abma and J[] F[] Claerbout},
  title = 	 {Lateral prediction for noise attenuation by t-x and f-x
techniques},
  journal = 	 {Geophysics},
  year = 	 1995,
  volume =	 60,
  pages =	 {no.6, 1187-1896}
}

@Article{Liug18,
  author = 	 {G[] Liu and C[] Li and Z[] Guo and Y[] Rao},
  title = 	 {Irregularly sampled seismic data reconstruction using multiscale multidirectional adaptive prediction-error filter},
  journal = 	 {IEEE Transactions on Geoscience and Remote Sensing},
  year = 	 2018,
  volume =	 57,
  pages =	 {no.5, 2909-2919}
}

@Comment @Article{Crawley00,
@Comment   author = 	 {S[] Crawley},
@Comment   title = 	 {seismic trace interpolation with nonstationary prediction-error filters},
@Comment   journal = 	 {Stanford University},
@Comment   year = 	 2000

@Comment }

@inproceedings{Sacchi09,
  author =       {M[] D[] Sacchi and M[] Naghizadeh},
  booktitle =    {79th Annual International Meeting},
  pages =        {3347-3350},
  publisher =    {SEG, Expanded Abstracts},
  title =        {Adaptive linear prediction filtering for random noise attenuation},
  year =         {2009}
}

@Article{Hager89,
  author = 	 {W[] W[] Hager},
  title = 	 {Updating the inverse of a matrix},
  journal = 	 {SIAM Review},
  year = 	 1989,
  volume =	 31,
  pages =	 {221-239}
}

@Article{French74,
  author = 	 {W[] S[] French},
  title = 	 {Two-dimensianal and three-dimensional migration of model-experiment reflection profiles},
  journal = 	 {Geophysics},
  year = 	 1974,
  volume =	 39,
  pages =	 {no.3, 265-277}
}

@Article{Fomel13,
  author = {S. Fomel and P. Sava and I. Vlad and Y. Liu and
                 V. Bashkardin},
  title = {Madagascar: open-source software project for
              multidimensional data analysis and reproducible 
              computational experiments},
  journal = 	 {Journal of Open Research Software},
  year = 	 2013,
  volume = 	 1,
  number = 	 1,
  pages = 	 {e8},
}