@article{fomel2008guest,
  title={Guest editors' introduction: Reproducible research},
  author={Fomel, Sergey and Claerbout, Jon F},
  journal={Computing in Science \& Engineering},
  volume={11},
  number={1},
  pages={5--7},
  year={2008},
  publisher={IEEE}
}

@incollection{buckheit1995wavelab,
  title={Wavelab and reproducible research},
  author={Buckheit, Jonathan B and Donoho, David L},
  booktitle={Wavelets and statistics},
  pages={55--81},
  year={1995},
  publisher={Springer}
}

@article{fomel2013madagascar,
  title={Madagascar: Open-source software project for multidimensional data analysis and reproducible computational experiments},
  author={Fomel, Sergey and Sava, Paul and Vlad, Ioan and Liu, Yang and Bashkardin, Vladimir},
  journal={Journal of Open Research Software},
  volume={1},
  number={1},
  year={2013},
  publisher={Ubiquity Press}
}

@article{knight2005building,
  title={Building software with SCons},
  author={Knight, Steven},
  journal={Computing in Science \& Engineering},
  volume={7},
  number={1},
  pages={79--88},
  year={2005},
  publisher={IEEE}
}

@book{salus1994quarter,
  title={A quarter century of {UNIX}},
  author={Salus, Peter H},
  year={1994},
  publisher={ACM Press/Addison-Wesley Publishing Co.}
}

@inproceedings{fomel2007reproducible,
  title={Reproducible computational experiments using SCons},
  author={Fomel, Sergey and Hennenfent, Gilles},
  booktitle={2007 IEEE International Conference on Acoustics, Speech and Signal Processing-ICASSP'07},
  volume={4},
  pages={IV--1257},
  year={2007},
  organization={IEEE}
}

@article{drakos1994text,
  title={From text to hypertext: {A} post-hoc rationalisation of latex2html},
  author={Drakos, Nikos},
  journal={Computer networks and ISDN systems},
  volume={27},
  number={2},
  pages={215--224},
  year={1994},
  publisher={Elsevier}
}

@inproceedings{clapp2012seplib,
  title={{SEP}lib},
  author={Clapp, Robert},
  booktitle={74th EAGE Conference and Exhibition-Workshops},
  pages={cp--295},
  year={2012},
  organization={European Association of Geoscientists \& Engineers}
}

@article{stockwell1997free,
  title={Free software in education: {A} case study of {CWP/SU}: {Seismic} {Un*x}},
  author={Stockwell Jr, John W},
  journal={The Leading Edge},
  volume={16},
  number={7},
  pages={1045--1050},
  year={1997},
  publisher={Society of Exploration Geophysicists}
}