@article{malinowski11,
	author={M[] Malinowski and S[] Operto and A[] Ribodetti},
	title={High-resolution seismic attenuation imaging from wide-aperture onshore data by visco-acoustic frequency-domain full waveform inversion},
	journal={Geophysical Journal International},
	year=2011,
	volume=186,
	issue=3,
	pages={1179-1204}
}

@article{yang16,
	author={P[] Yang and R[] Brossier and L[] M\'{e}tivier and J[] Virieux},
	title={A review on the systematic formulation of 3-{D} multiparameter FWI in viscoelastic medium},
	journal={Geophysical Journal International},
	year=2016,
	volume=207,
	pages={129-149}
}

@article{kurzmann13,
	author={A[] Kurzmann and A[] Przebindowska and D[] Kohn and T[] Bohlen},
	title={Acoustic full waveform tomography in the presence of attenuation: a sensitivity analysis},
	journal={Geophysical Journal International},
	year=2013,
	volume=195,
	issue=2,
	pages={985-1000}
}

@article{kamei13,
	author={R[] Kamei and R[] Pratt},
	title={Inversion strategies for visco-acoustic waveform inversion},
	journal={Geophysical Journal International},
	year=2013,
	volume=194,
	issue=2,
	pages={859-884}
}

@article{bai14,
	author={J[] Bai and D[] Yingst and R[] Bloor and J[] Leveille},
	title={Viscoacoustic waveform inversion of velocity structures in the time domain},
	journal={Geophysics},
	year=2014,
	volume=79,
	issue=3,
	pages={R103-R119}
}

@article{kjartansson79,
	author={E[] Kjartansson},
	title={Constant {Q}-wave propagation and attenuation},
	journal={Journal of Geophysical Reserch Solid Earth},
	year=1979,
	volume=84,
	pages={B9, 4737-4748}
}

@article{qu17,
	author={Y[] Qu and Z[] Li and J[] Huang and J[] Li},
	title={Viscoacoustic anisotropic full waveform inversion},
	journal={Journal of Applied Geophysics},
	year=2017,
	volume=136,
	pages={484-497}
}

@article{zhu14,
	author={T[] Zhu and J[] M[] Harris},
	title={Modeling acoustic wave propagation in heterogeneous attenuating media using decoupled fractional {L}aplacians},
	journal={Geophysics},
	year=2014,
	volume=79,
	issue=3,
	pages={T105-T116}
}

@article{zhang09,
	author={Y[] Zhang and G[] Zhang},
	title={One-step extrapolation method for reverse time migration},
	journal={Geophysics},
	year=2009,
	volume=74,
	issue=4,
	pages={A29-A33}
}

@article{sun16,
	author={J[] Sun and S[] Fomel and L[] Ying},
	title={Low-rank one-step wave extrapolation for reverse time migration},
	journal={Geophysics},
	year=2016,
	volume=81,
	issue=1,
	pages={S39-S54}
}

@article{sun15,
	author={J[] Sun and T[] Zhu and S[] Fomel},
	title={Viscoacoustic modeling and imaging using low-rank approximation},
	journal={Geophysics},
	year=2015,
	volume=80,
	issue=5,
	pages={A103-A108}
}

@article{bunks95,
	author={C[] Bunks and F[] Saleck and S[] Zaleski and G[] Chavent},
	title={Multiscale seismic waveform inversion},
	journal={Geophysics},
	year=1995,
	volume=60,
	pages={1457-1473}
}

@article{zhu16,
	author={T[] Zhu},
	title={Implementation aspects of attenuation compensation in reverse-time migration},
	journal={Geophysical Prospecting},
	year=2016,
	volume=64,
	pages={657-670}
}

@article{fomel13,
	author={S[] Fomel and L[] Ying and X[] Song},
	title={Seismic wave extrapolation using a lowrank symbol approximation},
	journal={Geophysical Prospecting},
	year=2013,
	volume=61,
	pages={526-536}
}

@article{fomel13b,
	author={S[] Fomel and P[] Sava and I[] Vlad and Y[] Liu and V[] Bashkardin},
	title={Madagascar: {O}pen-source software project for multidimensional data analysis and reproducible computational experiments},
	journal={Journal of Open Research Software},
	year=2013,
	volume=1,
	pages={e8}
}

@inproceedings{qin15,
	author={B[] Qin and T[] Allemand and G[] Lambare},
	title={Full waveform inversion using preserved amplitude reverse time migration},
	year=2015,
	booktitle={85th Annual International Meeting, SEG, Expanded Abstracts},
	pages={1252-1257}
}

@inproceedings{hou16,
	author={J[] Hou and W[] Symes},
	title={Approximate {G}auss-{N}ewton iteration for full-waveform inversion},
	year=2016,
	booktitle={86th Annual International Meeting, SEG, Expanded Abstracts},
	pages={1163-1168}
}

@inproceedings{guo15,
	author={P[] Guo and G[] A[] McMechan},
	title={Separation of absorption and dispersion effects in {Q}-compensated viscoelastic {RTM}},
	year=2015,
	booktitle={85th Annual International Meeting, SEG, Expanded Abstracts},
	pages={3966-3971}
}

@inproceedings{hu11,
	author={W[] Hu and J[] Liu and L[] Bear and C[] Marcinkovich},
	title={A robust and accurate seismic attenuation tomography algorithm},
	year=2011,
	booktitle={81st Annual International Meeting, SEG, Expanded Abstracts},
	pages={2727-2731}
}

@inproceedings{valenciano12,
	author={A[] A[] Valenciano and N[] Chemingui},
	title={Viscoacoustic imaging: tomographic {Q} estimation and migration compensation},
	year=2012,
	booktitle={82nd Annual International Meeting, SEG, Expanded Abstracts},
	pages={1-5}
}

@article{plessix06,
	author={R[] E[] Plessix},
	title={A review of the adjoint-state method for computing the gradient of a functional with geophysical applications},
	journal={Geophysical Journal International},
	year=2006,
	volume=167,
	pages={495-503}
}

@article{quan97,
	author={Y[] Quan and J[] M[] Harris},
	title={Seismic attenuation tomography using the frequency shift method},
	journal={Geophysics},
	year=1997,
	volume=62,
	pages={895-905}
}

@article{brzostowski92,
	author={M[] A[] Brzostowski and G[] A[] McMechan},
	title={3{D} tomographic imaging of near-surface seismic velocity and attenuation},
	journal={Geophysics},
	year=1992,
	volume=57,
	pages={396-403}
}

@article{ma12,
	author={Y[] Ma and D[] Hale},
	title={Quasi-{N}ewton full-waveform inversion with a projected {H}essian matrix},
	journal={Geophysics},
	year=2012,
	volume=77,
	issue=5,
	pages={R207-R216}
}

@article{virieux09,
	author={J[] Virieux and S[] Operto},
	title={An overview of full-waveform inversion in exploration geophysics},
	journal={Geophysics},
	year=2009,
	volume=94,
	issue=6,
	pages={WCC127-WCC152}
}

@book{tarantola05,
	author={A[] Tarantola},
	title={Inverse {P}roblem {T}heory and {M}ethods for {M}odel {P}arameter {E}stimation},
	year=2005,
	publisher={SIAM}
}

@article{guitton12,
	author={A[] Guitton and G[] Ayeni and E[] Diaz},
	title={Constrained full-waveform inversion by model reparameterization},
	journal={Geophysics},
	year=2012,
	volume=77,
	issue=2,
	pages={R117-R127}
}

@inproceedings{zhang10,
	author={Y[] Zhang and P[] Zhang and H[] Zhang},
	title={Compensating for visco-acoustic effects in reverse-time migration},
	year=2010,
	booktitle={80th Annual International Meeting, SEG, Expanded Abstracts},
	pages={3160-3164}
}

@inproceedings{suh12,
	author={S[] Suh and K[] Yoon and J[] Cai and B[] Wang},
	title={Compensating visco-acoustic effects in anisotropic rverse-time migration},
	year=2012,
	booktitle={82th Annual International Meeting, SEG, Expanded Abstracts},
	pages={1-5}
}

@inproceedings{bai13,
	author={J[] Bai and G[] Chen and D[] Yingst and J[] Leveille},
	title={Attenuation compensation in viscoacoustic reverse time migration},
	year=2013,
	booktitle={83th Annual International Meeting, SEG, Expanded Abstracts},
	pages={3825-3830}
}

@inproceedings{shen14,
	author={Y[] Shen and B[] Biondi and R[] Clapp and D[] Nichols},
	title={Wave-equation migration {Q} analysis ({WEMQA})},
	year=2014,
	booktitle={84th Annual International Meeting, SEG, Expanded Abstracts},
	pages={3757-3762}
}

@inproceedings{shen15a,
	author={Y[] Shen and T[] Zhu},
	title={Image-based {Q} tomography using reverse time {Q} migration},
	year=2015,
	booktitle={85th Annual International Meeting, SEG, Expanded Abstracts},
	pages={3694-3698}
}

@inproceedings{shen15b,
	author={Y[] Shen and B[] Biondi and R[] Clapp},
	title={Wave-equation based {Q} tomography from angle-domain common image gathers},
	year=2015,
	booktitle={85th Annual International Meeting, SEG, Expanded Abstracts},
	pages={4334-4338}
}

@inproceedings{zhou11,
	author={J[] Zhou and S[] Birdus and B[] Hung and K[] H[] Teng and Y[] Xie and D[] Chagalov and A[] Cheang and D[] Wellen and J[] Garrity},
	title={Compensating attenuation due to shallow gas through {Q} tomography and {Q-PSDM}, a case study in {B}razil},
	year=2011,
	booktitle={81rd Annual International Meeting, SEG, Expanded Abstracts},
	pages={3332-3336}
}

@article{dutta16,
	author={G[] Dutta and G[] T[] Schuster},
	title={Wave-equation {Q} tomography},
	journal={Geophysics},
	year=2016,
	volume=81,
	issue=6,
	pages={R471-R484}
}

@article{sun16b,
	author={J[] Sun and S[] Fomel and T[] Zhu and J[] Hu},
	title={Q-compensated least-squares reverse time migration using low-rank one-step wave extrapolation},
	journal={Geophysics},
	year=2016,
	volume=81,
	pages={S271-S279}
}

@article{zhu14b,
	author={T[] Zhu and J[] M[] Harris and B[] Biondi},
	title={Q-compensated reverse-time migration},
	journal={Geophysics},
	year=2014,
	volume=79,
	pages={S77-S87}
}

@article{robertsson94,
	author={J[] O[] Robertsson and J[] O[] Blanch and W[] W[] Symes},
	title={Viscoelastic finite-difference modeling},
	journal={Geophysics},
	year=1994,
	volume=59,
	pages={1444-1456}
}

@article{wang09,
	author={Y[] Wang and Y[] Rao},
	title={Reflection seismic waveform tomography},
	journal={Journal of Geophysical Research},
	year=2009,
	volume=114,
	pages={B03304}
}

@article{gauthier86,
	author={O[] Gauthier and J[] Virieux and A[] Tarantola},
	title={Two-dimensional nonlinear inversion of seismic waveforms: {N}umerical results},
	journal={Geophysics},
	year=1986,
	volume=51,
	pages={1387-1403}
}

@article{zhu17,
	author={T[] Zhu and J[] Sun},
	title={Viscoelastic reverse time migration with attenuation compensation},
	journal={Geophysics},
	year=2017,
	volume=82,
	issue=2,
	pages={S61-S73}
}

@article{xue17,
	author={Z[] Xue and H[] Zhu and S[] Fomel},
	title={Full-waveform inversion using seislet regularization},
	journal={Geophysics},
	year=2017,
	volume=82,
	issue=5,
	pages={A43-A49}
}

@article{zhu14c,
	author={T[] Zhu},
	title={Time-reverse modelling of acoustic wave propagation in attenuating media},
	journal={Geophysical Journal International},
	year=2014,
	volume=197,
	pages={483-494}
}

@article{shipp02,
	author={R[] M[] Shipp and S[] C[] Singh},
	title={Two-dimensional full wavefield inversion of wide-aperture seismic streamer data},
	journal={Geophysical Journal International},
	year=2002,
	volume=151,
	pages={325-344}
}

@article{browaeys09,
	author={T[] J[] Browaeys and S[] Fomel},
	title={Fractal heterogeneities in sonic logs and low-frequency scattering attenuation},
	journal={Geophysics},
	year=2009,
	volume=74,
	issue=2,
	pages={WA77-WA92}
}
