@article{Gan16,
  title={Compressive sensing for seismic data reconstruction via fast projection onto convex sets based on seislet transform},
  author={S[huwei] Gan and S[houdong] Wang and Y[angkang] Chen and X[iaohong] Chen 
  and W[eiling] Huang and H[anming] Chen},
  journal={Journal of Applied Geophysics},
  volume={130},
  pages={194-208},
  year={2016}
}

@article{Abma05,
  author          = {R[] Abma and N[] Kabir},
  title           = {Comparisons of interpolation methods},
  journal         = {The Leading Edge},
  year            = 2005,
  volume          = 24,
  number          = 10,
  pages           = {984-989}
}

@article{Sherman50,
  title={Adjustment of an inverse matrix corresponding to a change in one element of a given matrix},
  author={J[ack] Sherman and W[inifred] J[] Morrison},
  journal={The Annals of Mathematical Statistics},
  volume={21},
  number={1},
  pages={124-127},
  year={1950}
}
@article{Hager89,
  title={Updating the inverse of a matrix},
  author={W[illiam] W[] Hager},
  journal={SIAM review},
  volume={31},
  number={2},
  pages={221-239},
  year={1989}
}

@article{Bartlett51,
  title={An inverse matrix adjustment arising in discriminant analysis},
  author={M[aurice] S Bartlett},
  journal={The Annals of Mathematical Statistics},
  volume={22},
  number={1},
  pages={107-111},
  year={1951}
}


@article{Abma06,
  author          = {R[] Abma and N[] Kabir},
  title           = {{3D} interpolation of irregular data with a {POCS} algorithm},
  journal         = {Geophysics},
  year            = 2006,
  volume          = 71,
  number          = 6,
  pages           = {E91-E97}
}

@article{Chen16,
  author          = {Y[] Chen and D[] Zhang and X[] Chen and S[] Zu and W[] Huang and S[] Gan},
  title           = {Simultaneous denoising and reconstruction of {5-D} seismic data via damped
                  rank-reduction method},
  journal         = {Geophysical Journal International},
  year            = 2016,
  volume          = 206,
  number          = 9,
  pages           = {1695-1717}
}

@inbook{Claerbout92,
  author          = {J[] F[] Claerbout},
  title           = {Earth soundings analysis: Processing versus inversion},
  year            = 1992,
  publisher       = {Blackwell Scientific Publications},
  address         = {London},
  chapter         = 7,
  pages           = {164-180}
}

@article{Fomel02,
  author          = {S[] Fomel},
  title           = {Applications of plane-wave destruction filters},
  journal         = {Geophysics},
  year            = 2002,
  volume          = 67,
  number          = 6,
  pages           = {1946-1960}
}

@article{Fomel10,
  author          = {S[] Fomel and Y[] Liu},
  title           = {Seislet transform and seislet frame},
  journal         = {Geophysics},
  year            = 2010,
  volume          = 75,
  number          = 3,
  pages           = {V25-V38}
}

@inproceedings{Fomel16,
  author          = {S[] Fomel and J[] Claerbout},
  title           = {Streaming prediction-error filters},
  booktitle       = {Proc. 85th Annu. Int. Meet., SEG, Expanded Abstracts},
  pages           = {4787-4791},
  year            = 2016
}

@article{Gao13,
  author          = {J[ianjun] Gao and M[auricio] D[] Sacchi and X[iaohong] Chen},
  title           = {A fast reduced-rank interpolation method for prestack seismic volumes that
                  depend on four spatial dimensions},
  journal         = {Geophysics},
  year            = 2013,
  volume          = 78,
  number          = 1,
  pages           = {V21-V30}
}

@article{Gao15,
  author          = {S[] Gao and S[] Wang and Y[] Chen and Y[] Zhang and Z[] Jin},
  title           = {Dealiased seismic data interpolation using seislet transform with low-frequency
                  constraint},
  journal         = {IEEE Geoscience and Remote Sensing Letters},
  year            = 2015,
  volume          = 12,
  number          = 10,
  pages           = {2150-2154}
}

@article{Gao17,
  author          = {J[ianjun] Gao and J[inkun] Cheng and M[auricio] D[] Sacchi},
  journal         = {IEEE Transactions on Geoscience and Remote Sensing},
  title           = {Five-Dimensional Seismic Reconstruction Using Parallel Square Matrix
                  Factorization},
  year            = 2017,
  volume          = 55,
  number          = 4,
  pages           = {2124-2135}
}

@Comment article{Gulunay03,
@Comment   author          = {N[] Gulunay},
@Comment   title           = {Seismic trace interpolation in the Fourier transform domain},
@Comment   journal         = {Geophysics},
@Comment   year            = 2003,
@Comment   volume          = 68,
@Comment   number          = 1,
@Comment   pages           = {355-369}
@Comment }

@article{Guo20,
  author          = {L[ongYu] Guo and C[ai] Liu and Y[ang] Liu and Z[hiSheng] Zheng and Q[ingHan]
                  Wang},
  title           = {Seismic random noise attenuation based on streaming prediction filter in the
                  f-x domain},
  publisher       = {Chinese Journal of Geophysics (in Chinese)},
  year            = 2020,
  journal         = {Chinese Journal of Geophysics},
  volume          = 63,
  number          = 1,
  pages           = {329-338},
}

@inproceedings{Hellman16,
  author          = {K[] Hellman and S[] Boyer},
  booktitle       = {Proc. 75th Annu. Int. Meet., SEG, Expanded Abstracts},
  pages           = {4123-4127},
  title           = {A local slope approach to multidimensional trace interpolation},
  year            = 2016
}

@article{Jia17,
  title           = {What can machine learning do for seismic data processing? {An} interpolation
                  application},
  author          = {Y[] Jia and J[ianwei] Ma},
  journal         = {Geophysics},
  year            = 2017,
  volume          = 82,
  number          = 3,
  pages           = {V163-V177}
}

@inproceedings{Kaur19,
  author          = {H[] Kaur and N[] Pham and S[] Fomel},
  booktitle       = {Proc. 78th Annu. Int. Meet., SEG, Expanded Abstracts},
  pages           = {2202-2206},
  title           = {Seismic data interpolation using {CycleGAN}},
  year            = 2019
}

@article{Li17,
  author          = {C[] Li and G[] Liu and Z[] Hao and S[] Zu and F[] Mi and X[] Chen},
  title           = {Multidimensional seismic data reconstruction using frequency-domain adaptive
                  prediction-error filter},
  journal         = {IEEE Transactions on Geoscience and Remote Sensing},
  year            = 2017,
  volume          = 56,
  number          = 4,
  pages           = {2328-2336}
}

@article{Liu10,
  author          = {Y[] Liu and S[] Fomel},
  title           = {{OC}-seislet: Seislet transform construction with differential offset
                  continuation},
  journal         = {Geophysics},
  year            = 2010,
  volume          = 75,
  number          = 6,
  pages           = {WB235-WB245}
}

@article{Liu11,
  author          = {Y[ang] Liu and S[ergy] Fomel},
  title           = {Seismic data interpolation beyond aliasing using regularized nonstationary
                  autoregression},
  journal         = {Geophysics},
  year            = 2011,
  volume          = 76,
  number          = 5,
  pages           = {V67-V77}
}

@article{Liu19,
  author          = {G[] Liu and C[] Li and Z[] Guo and Y[] Rao},
  title           = {Irregularly sampled seismic data reconstruction using multiscale
                  multidirectional adaptive prediction-error filter},
  journal         = {IEEE Transactions on Geoscience and Remote Sensing},
  year            = 2019,
  volume          = 57,
  number          = 5,
  pages           = {2909-2919},
}

@article{Liub04,
  author          = {B[] Liu and M[] D[] Sacchi},
  title           = {Minimum weighted norm interpolation of seismic records},
  journal         = {Geophysics},
  year            = 2004,
  volume          = 69,
  number          = 6,
  pages           = {1560-1568}
}

@article{Liug18,
  author          = {G[uochang] Liu and X[iaohong] Chen},
  title           = {Seismic data interpolation using frequency-domain complex nonstationary
                  autoregression},
  journal         = {Geophysical Prospecting},
  year            = 2018,
  volume          = 66,
  number          = 3,
  pages           = {478-497}
}

@article{Liuy18,
  author          = {Y[ang] Liu and B[ingxiu] Li},
  title           = {Streaming orthogonal prediction filter in t-x domain for random noise
                  attenuation},
  journal         = {Geophysics},
  year            = 2018,
  volume          = 83,
  number          = 4,
  pages           = {F41-F48}
}

@article{Mandelli19,
  author          = {Mandelli, Sara and Lipari, Vincenzo and Bestagini, Paolo and Tubaro, Stefano},
  title           = {Interpolation and denoising of seismic data using convolutional neural
                  networks},
  journal         = {arXiv preprint arXiv:1901.07927},
  year            = 2019
}

@article{Naghizadeh09,
  author          = {M[] Naghizadeh and M[] D[] Sacchi},
  title           = {f-x adaptive seismic-trace interpolation},
  journal         = {Geophysics},
  year            = 2008,
  volume          = 74,
  number          = 1,
  pages           = {V9-V16}
}

@article{Oliveira18,
  author          = {D[] A[] Oliveira and R[] S[] Ferreira and R[] Silva and E[] V[] Brazil},
  title           = {Interpolating seismic data with conditional generative adversarial networks},
  journal         = {IEEE Geoscience and Remote Sensing Letters},
  year            = 2018,
  volume          = 15,
  number          = 12,
  pages           = {1952-1956}
}

@article{Porsani99,
  author          = {M[] Porsani},
  title           = {Seismic trace interpolation using half-step prediction filters},
  journal         = {Geophysics},
  year            = 1999,
  volume          = 64,
  number          = 5,
  pages           = {1461-1467}
}

@Comment inproceedings{Sacchi00,
@Comment   author          = {M[] D[] Sacchi and H[] Kuehl},
@Comment   booktitle       = {Proc. 69th Annu. Int. Meet., SEG, Expanded Abstracts},
@Comment   pages           = {2092-1095},
@Comment   title           = {{F-X} {ARMA} filters},
@Comment   year            = 2000
@Comment }

@Comment article{Sacchi05,
@Comment   author          = {M[] D[] Sacchi and B[] Liu},
@Comment   title           = {Minimum weighted norm wavefield reconstruction for {AVA} imaging},
@Comment   journal         = {Geophysics},
@Comment   year            = 2005,
@Comment   volume          = 53,
@Comment   number          = 6,
@Comment   pages           = {787-801}
@Comment }

@inproceedings{Sacchi09,
  author          = {M[] D[] Sacchi and M[] Naghizadeh},
  title           = {Adaptive linear prediction filtering for random noise attenuation},
  booktitle       = {Proc. 79th Annu. Int. Meet., SEG, Expanded Abstracts},
  pages           = {3347-3351},
  year            = 2009
}

@inproceedings{Sacchi97,
  author          = {M[] D[] Sacchi and T[] Ulrych},
  booktitle       = {Proc. 66th Annu. Int. Meet., SEG, Expanded Abstracts},
  pages           = {1096-1099},
  title           = {Recovery of near offsets using a {FX} gap filling algorithm},
  year            = 1997
}

@article{Spitz91,
  author          = {S[] Spitz},
  title           = {Seismic trace interpolation in the {FX} domain},
  journal         = {Geophysics},
  year            = 1991,
  volume          = 56,
  number          = 6,
  pages           = {785-794}
}

@inproceedings{Trickett10,
  author          = {S[] Trickett and L[] Burroughs and A[] Milton and R[] Dyck},
  booktitle       = {Proc. 80th Annu. Int. Meet., SEG, Expanded Abstracts},
  pages           = {3829-3833},
  title           = {Rank-reduction-based trace interpolation},
  year            = 2010
}

@article{Wang02,
  author          = {Y[] Wang},
  title           = {Seismic trace interpolation in the f-x-y domain},
  journal         = {Geophysics},
  year            = 2002,
  volume          = 67,
  number          = 4,
  pages           = {1232-1239}
}

@article{Wang10,
  author          = {S[] Q[] Wang and X[] Gao and Z[] X[] Yao},
  title           = {Accelerating {POCS} interpolation of {3D} irregular seismic data with graphics
                  processing units},
  journal         = {Computers \& Geosciences},
  year            = 2010,
  volume          = 36,
  number          = 10,
  pages           = {1292-1300}
}

@article{Wangy10,
  title           = {Model-based interferometric interpolation method},
  author          = {Y[ibo] Wang and S[huqian] Dong and Y[i] Luo},
  journal         = {Geophysics},
  year            = 2010,
  volume          = 75,
  number          = 6,
  pages           = {WB211-WB217}
}

@article{Zhang20,
  title           = {Can learning from natural image denoising be used for seismic data
                  interpolation},
  author          = {H[ao] Zhang and X[iuyan] Yang and J[ianwei] Ma},
  journal         = {Geophysics},
  year            = 2020,
  volume          = 85,
  number          = 4,
  pages           = {WA115-WA136}
}
