@article{baysal83,
	author={E[] Baysal and D[] D[] Kosloff and J[] W[] C[] Sherwood},
	title={Reverse time migration},
	journal={Geophysics},
	year=1983,
	volume=48,
	issue=11,
	pages={1514-1524}
}

@article{biondi04,
	author={B[] Biondi and W[] Symes},
	title={Angle-domain common-image gathers for migration velocity analysis by wavefield-continuation imaging},
	journal={Geophysics},
	year=2004,
	volume=69,
	issue=5,
	pages={1283-1298}
}

@inproceedings{casasanta15,
	author={L[] Casasanta and Z[] Xue and S[] H[] Gray},
	title={Converted wave {RTM} using lowrank wavefield extrapolation},
	booktitle={77th EAGE Annual Meeting, Madrid, Spain, Extended Abstracts},
	year=2015,
	pages={Tu N116 07}
}

@book{claerbout85,
	author={J[] F[] Claerbout},
	title={Imaging the {Earth}'s Interior},
	publisher={Blackwell Scientific Publications},
	year=1985
}

@article{etgen09,
	author={J[] Etgen and S[] H[] Gray and Y[] Zhang},
	title={An overview of depth imaging in exploration geophysics},
	journal={Geophysics},
	year=2009,
	volume=74,
	issue=6,
	pages={WCA5-WCA17},
}

@inproceedings{faye86,
	author={J[] P[] Faye and J[] P[] Jeannot},
	title={Prestack migration velocities from focusing depth analysis},
	booktitle={56th SEG Annual Meeting, Houston, Texas, Expanded Abstracts},
	year=1986,
	pages={438-440}
}

@article{fomel11,
	author={S[] Fomel},
	title={Theory of 3-{D} angle gathers in wave-equation seismic imaging},
	journal={Journal of Petroleum Exploration and Production Technology},
	volume=1,
	year=2011,
	pages={11-16}
}

@article{fomel13,
	author={S[] Fomel and L[] Ying and X[] Song},
	title={Seismic wave extrapolation using lowrank symbol approximation},
	journal={Geophysical Prospecting},
	year=2013,
	volume=61,
	issue=3,
	pages={526-536}
}

@article{fomel13b,
	author={S[] Fomel and P[] Sava and I[] Vlad and Y[] Liu and V[] Bashkardin},
	title={Madagascar: {O}pen-source software project for multidimensional data analysis and reproducible computational experiments},
	journal={Journal of Open Research Software},
	year=2013,
	volume=1,
	pages={e8}
}

@article{hou16,
	author={J[] Hou and W[] W[] Symes},
	title={Accelerating extended least-squares migration with weighted conjugate gradient iteration},
	journal={Geophysics},
	volume=81,
	year=2016,
	issue=4,
	pages={S165-S179}
}

@inproceedings{kaelin11,
	author={B[] Kaelin and G[] Carvajal},
	title={Eliminating imaging artifacts in {RTM} using pre-stack gathers},
	booktitle={81th SEG Annual Meeting, San Antonio, Texas, Expanded Abstracts},
	year=2011,
	pages={3125-3129}
}

@inproceedings{khalil13,
	author={A[] Khalil and J[] Sun and Y[] Zhang and G[] Poole},
	title={{RTM} noise attenuation and image enhancement using time-shift gathers},
	booktitle={83rd SEG Annual Meeting, Houston, Texas, Expanded Abstracts},
	year=2013,
	pages={3789-3793}
}

@article{kuehl03,
	author={H[enning] Kuehl and M[auricio] D[] Sacchi},
	title={Least-squares wave-equation migration for {AVP/AVA} inversion},
	journal={Geophysics},
	year=2003,
	volume=68,
	pages={262-273}
}

@article{luo16,
	author={Y[] Luo and Y[] Ma and Y[] Wu and H[] Liu and L[] Cao},
	title={Full-traveltime inversion},
	journal={Geophysics},
	year=2016,
	volume=81,
	issue=5,
	pages={R261-R274}
}

@article{mackay92,
	author={S[] MacKay and R[] Abma},
	title={Imaging and velocity estimation with depth-focusing analysis},
	journal={Geophysics},
	volume=57,
	year=1992,
	issue=12,
	pages={1608-1622}
}

@article{mcmechan83,
	author={G[] A[] McMechan},
	title={Migration by extrapolation of time-dependent boundary values},
	journal={Geophysical Prospecting},
	year=1983,
	volume=31,
	issue=3,
	pages={413-420}
}

@article{nemeth99,
	author={T[] Nemeth and C[] Wu and G[] T[] Schuster},
	title={Least-squares migration of incomplete reflection data},
	journal={Geophysics},
	year=1999,
	volume=64,
	pages={208-221}
}

@inproceedings{nemeth96,
	author={T[] Nemeth},
	title={Relating depth-focusing analysis to migration velocity analysis},
	booktitle={66th SEG Annual Meeting, Denver, Colorado, Expanded Abstracts},
	year=1996,
	pages={463-466}
}

@inproceedings{ng07,
	author={M[] Ng},
	title={Using time-shift imaging condition for seismic migration interpolation},
	booktitle={77th SEG Annual Meeting, San Antonio, Texas, Expanded Abstracts},
	year=2007,
	pages={2378-2382}
}

@inproceedings{paffenholz02,
	author={J[] Paffenholz and B[] McLain and J[] Zaske and P[] Keliher},
	title={Subsalt multiple attenuation and imaging: {O}bservations from the {S}igsbee2B synthetic dataset},
	booktitle={72nd Annual International Meeting, SEG, Expanded Abstracts},
	year=2002,
	pages={2122-2125}
}

@inproceedings{regimbal16,
	author={K[] Regimbal and S[] Fomel},
	title={High-resolution recursive stacking using plane-wave construction},
	booktitle={86th SEG Annual Meeting, Dallas, Texas, Expanded Abstracts},
	year=2016,
	pages={4069-4074}
}

@article{sava03,
	author={P[] Sava and S[] Fomel},
	title={Angle-domain common-image gathers by wavefield continuation methods},
	journal={Geophysics},
	year=2003,
	volume=68,
	issue=3,
	pages={1065-1074}
}

@article{sava06,
	author={P[] Sava and S[] Fomel},
	title={Time-shift imaging condition in seismic migration},
	journal={Geophysics},
	year=2006,
	volume=71,
	issue=6,
	pages={S209-S217}
}

@article{sava11,
	author={P[] Sava and I[] Vasconcelos},
	title={Extended imaging conditions for wave-equation migration},
	journal={Geophysical Prospecting},
	year=2011,
	volume=59,
	issue=1,
	pages={35-55}
}

@inproceedings{shah07,
	author={H[] Shah},
	title={The 2007 {BP} anisotropic velocity-analysis benchmark},
	booktitle={70th EAGE Annual Meeting, workshop},
	year=2007
}

@article{stark13,
	author={T[] J[] Stark},
	title={Signal recovery beyond conventional {N}yquist: {T}he samples rates used for seismic acquisition do not need to limit the maximum recoverable frequencies},
	journal={The Leading Edge},
	year=2013,
	volume=32,
	issue=11,
	pages={1334-1339}
}

@article{sun16,
	author={J[] Sun and S[] Fomel and L[] Ying},
	title={Low-rank one-step wave extrapolation for reverse time migration},
	journal={Geophysics},
	volume=81,
	year=2016,
	issue=1,
	pages={S39-S54}
}

@inproceedings{whitmore83,
	author={N[] D[] Whitmore},
	title={Iterative depth migration by backward time propagation},
	booktitle={53rd SEG Annual Meeting, Las Vegas, Nevada, Expanded Abstracts},
	year=1983,
	pages={382-385}
}

@article{xu14,
	author={S[] Xu and F[] Chen and B[] Tang and G[] Lambare},
	title={Noise removal by migration of time-shift images},
	journal={Geophysics},
	year=2014,
	volume=79,
	issue=3,
	pages={S105-S111}
}

@article{xue16,
	author={Z[] Xue and Y[] Chen and S[] Fomel and J[] Sun},
	title={Seismic imaging of incomplete data and simultaneous-source data using least-squares reverse-time migration with shaping regularization},
	journal={Geophysics},
	year=2016,
	volume=81,
	issue=1,
	pages={S11-S20}
}

@article{yang11,
	author={T[] Yang and P[] Sava},
	title={Wave-equation migration velocity analysis with time-shift imaging},
	journal={Geophysical Prospecting},
	year=2011,
	volume=59,
	pages={635-650}
}

@inproceedings{zhang07,
	author={Y[] Zhang and J[] Sun and S[] Gray},
	title={Reverse-time migration: {A}mplitude and implementation issues},
	booktitle={77th SEG Annual Meeting, San Antonio, Texas, Expanded Abstracts},
	year=2007,
	pages={2145-2148}
}

@article{zhang11,
	author={Y[] Zhang and H[] Zhang and G[] Zhang},
	title={A stable {TTI} reverse time migration and its implementation},
	journal={Geophysics},
	volume=76,
	year=2011,
	issue=3,
	pages={WA3-WA11}
}

@article{zhao16,
	author={Z[] Zhao and M[] K[] Sen and P[] L[] Stoffa},
	title={Double-plane-wave reverse time migration in the frequency domain},
	journal={Geophysics},
	volume=81,
	year=2016,
	issue=5,
	pages={S367-S382}
}

@article{zhu14,
	author={T[] Zhu and J[] M[] Harris and B[] Biondi},
	title={Q-compensated reverse-time migration},
	journal={Geophysics},
	year=2014,
	volume=79,
	issue=3,
	pages={S77-S87},
}
