@Article{yangkang20142,
  author={Yangkang Chen and Sergey Fomel and Jingwei Hu},
  title ={Iterative deblending of simultaneous-source seismic data using seislet-domain shaping regularization},
  journal={Geophysics},
  year=2014,
  volume=79,
  issue=5,
  pages={V179-V189},
}

@article{Chen2016Simultaneous,
  title={Simultaneous denoising and reconstruction of 5-{D} seismic data via damped rank-reduction method},
  author={Yangkang Chen and Dong Zhang and Zhaoyu Jin and Xiaohong Chen and Shaohuan Zu and Weilin Huang and Shuwei Gan},
  journal={Geophysical Journal International},
  volume={206},
  number={3},
  issue={3},
  pages={1695 - 1717},
  year={2016},
  doi={10.1093/gji/ggw230},
}

@article{bakhtiari2018common,
  title={Common-reflection-surface-based prestack diffraction separation and imaging},
  author={Bakhtiari Rad, Parsa and Schwarz, Benjamin and Gajewski, Dirk and Vanelle, Claudia},
  journal={Geophysics},
  volume={83},
  number={1},
  issue={1},
  pages={S47--S55},
  year={2018},
  publisher={Society of Exploration Geophysicists}
}


@article{Gelius1995limit,
	author = {Gelius, Leiv J.},
	title = "{Limited-view diffraction tomography in a nonuniform background}",
	journal = {Geophysics},
	volume = {60},
	number = {2},
	issue=2,
	pages = {580-588},
	year = {1995},
}

@article{Harris1996layer,
	author = {Harris, Jerry M. and Wang, Guan Y.},
	title = "{Diffraction tomography for inhomogeneities in layered background medium}",
	journal = {Geophysics},
	volume = {61},
	number = {2},
	pages = {570-583},
	year = {1996},
}

@article{Landa1998moni,
	author = {Landa, Evgeny and Keydar, Shemer},
	title = "{Seismic monitoring of diffraction images for detection of local heterogeneities}",
	journal = {Geophysics},
	volume = {63},
	number = {3},
	issue=3,
	pages = {1093-1100},
	year = {1998},
}

@article{Zhao1998vel,
	author = {Zhao, Ping and Uren, Norm F. and Wenzel, Friedemann and Hatherly, P. J. and McDonald, John A.},
	title = "{Kirchhoff diffraction mapping in media with large velocity contrasts}",
	journal = {Geophysics},
	volume = {63},
	number = {6},
	issue=6,
	pages = {2072-2081},
	year = {1998},
}

@article{Zavalishin2000diff,
	author = {Zavalishin, B.R.},
	title = {Diffraction problems of 3{D} seismic imaging},
	journal = {Geophysical Prospecting},
	volume = {48},
	number = {4},
	pages = {631-645},
	year = {2000}
}

@Article{fomel2002pwd,
  author={Sergey Fomel},
  title={Application of plane-wave destruction filters},
  journal={Geophysics},
  year=2002,
  Volume=67,
  number=6,
  issue=6,
  pages={1946-1960},
}

@article{fomel2002antialiasing,
  title={Antialiasing of {K}irchhoff operators by reciprocal parameterization},
  author={Fomel, Sergey},
  journal={Journal of Seismic Exploration},
  volume={10},
  number={4},
  pages={293--310},
  year={2002},
  publisher={GEOPHYSICAL PRESS 14 RUE DU PRADO, 34170 CASTELNAU-LE-LEZ, FRANCE}
}


@article{Bansal2005enhan,
	author = {Bansal, Reeshidev and Imhof, Matthias G.},
	title = "{Diffraction enhancement in prestack seismic data}",
	journal = {Geophysics},
	volume = {70},
	number = {3},
	issue=3,
	pages = {V73-V79},
	year = {2005},
}

@article{Gelius2013music,
	author = {Gelius, Leiv-J. and Tygel, Martin and Takahata, André K. and Asgedom, Endrias G. and Serrano, Dany R.},
	title = "{High-resolution imaging of diffractions — A window-steered MUSIC approach}",
	journal = {Geophysics},
	volume = {78},
	number = {6},
	pages = {S255-S264},
	year = {2013},
}

@article{Zhao2015uniform,
	author = {Zhao, Jingtao and Wang, Yanfei and Yu, Caixia},
	title = {Diffraction imaging by uniform asymptotic theory and double exponential fitting},
	journal = {Geophysical Prospecting},
	volume = {63},
	number = {2},
	pages = {338-353},
	year = {2015}
}

%%%%%%%%%%%%%%%%%%%%%%%%%%%%%%%%%%%%%%%%%%%%%%%%%%%%%%%%%%%%%%%%%%%%%%%%%%%%%%%%%%%%%%
@article{Kanasewich1988dis,
	author = {Kanasewich, Ernest R. and Phadke, Suhas M.},
	title = "{Imaging discontinuities on seismic sections}",
	journal = {Geophysics},
	volume = {53},
	number = {3},
	issue=3,
	pages = {334-345},
	year = {1988},
}

@article{Fomel2007post,
	author = {Fomel, Sergey and Landa, Evgeny and Taner, M. Turhan},
	title = "{Poststack velocity analysis by separation and imaging of seismic diffractions}",
	journal = {Geophysics},
	volume = {72},
	number = {6},
	issue=6,
	pages = {U89-U94},
	year = {2007},
}

@article{Santos2012Tomo,
	author = {Santos, Luiz Alberto and Mansur, Webe Joao and McMechan, George A.},
	title = "{Tomography of diffraction-based focusing operators}",
	journal = {Geophysics},
	volume = {77},
	number = {5},
	issue=5,
	pages = {R217-R225},
	year = {2012},
}

@article{Alonaizi2013linear,
	author = {Alonaizi, Faisal and Pevzner, Roman and Bóna, Andrej and Shulakova, Valeriya and Gurevich, Boris},
	title = {3{D} diffraction imaging of linear features and its application to seismic monitoring},
	journal = {Geophysical Prospecting},
	volume = {61},
	number = {6},
	pages = {1206-1217},
	year = {2013}
}

@article{Dell2013anisotropic,
	author = {Dell, Sergius and Pronevich, Anna and Kashtan, Boris and Gajewski, Dirk},
	title = "{Diffraction traveltime approximation for general anisotropic media}",
	journal = {Geophysics},
	volume = {78},
	number = {5},
	issue=5,
	pages = {WC15-WC23},
	year = {2013},
}

@article{Asgedom2013co,
	author = {Asgedom, Endrias G. and Gelius, Leiv -J. and Tygel, Martin},
	title = {2{D} common-offset traveltime based diffraction enhancement and imaging},
	journal = {Geophysical Prospecting},
	volume = {61},
	number = {6},
	pages={1178-1193},
	year = {2013}
}

@article{Zhao2016Maha,
	author = {Zhao, Jingtao and Peng, Suping and Du, Wenfeng and Li, Xiaoting},
	title = "{Diffraction imaging method by Mahalanobis-based amplitude damping}",
	journal = {Geophysics},
	volume = {81},
	number = {6},
	issue=6,
	pages = {S399-S408},
	year = {2016},
}


@Article{amir2017grsl,
  author={M[] A[] N[] Siahsar and S[] Gholtashi and E[] Olyaei and W[] Chen and Y[] Chen},
  title = {Simultaneous denoising and interpolation of 3{D} seismic data via damped data-driven optimal singular value shrinkage},
  journal={IEEE Geoscience and Remote Sensing Letters},
  year=2017,
  volume=14,
  number=7,
  issue=7,
  pages={1086-1090},
}

@article{Khoshnavaz2018nonhype,
	author = {Khoshnavaz, M. Javad and Bóna, Andrej and Urosevic, Milovan},
	title = {Post-stack diffraction imaging in vertical transverse isotropy media using non-hyperbolic moveout approximations},
	journal = {Geophysical Prospecting},
	volume = {66},
	number = {2},
	pages = {273-281},
	year = {2018}
}

@article{Berkovitch2009multi,
	author = {Berkovitch, Alex and Belfer, Igor and Hassin, Yehuda and Landa, Evgeny},
	title = "{Diffraction imaging by multifocusing}",
	journal = {Geophysics},
	volume = {74},
	number = {6},
	issue=6,
	pages = {WCA75-WCA81},
	year = {2009},
}

@article{Dell2011crs,
	author = {Dell, Sergius and Gajewski, Dirk},
	title = "{Common-reflection-surface-based workflow for diffraction imaging}",
	journal = {Geophysics},
	volume = {76},
	number = {5},
	issue=5,
	pages = {S187-S195},
	year = {2011},
}

@article{Waheed2013ti,
	author = {Waheed, Umair bin and Alkhalifah, Tariq and Stovas, Alexey},
	title = "{Diffraction traveltime approximation for TI media with an inhomogeneous background}",
	journal = {Geophysics},
	volume = {78},
	number = {5},
	issue=5,
	pages = {WC103-WC111},
	year = {2013},
}

@article{Coimbra2018fo,
	author = {Coimbra, Tiago A. and Faccipieri, Jorge H. and Speglich, João H. and Gelius, Leiv-J. and Tygel, Martin},
	title = "{Enhancement of diffractions in prestack domain by means of a finite-offset double-square-root traveltime}",
	journal = {Geophysics},
	volume = {84},
	number = {1},
	issue=1,
	pages = {V81-V96},
	year = {2018},
}

@article{Zhengwei2019vtd,
	author = {Li, Zhengwei and Jianfeng Zhang},
	title = "{3{D} diffraction imaging with Kirchhoff time migration using vertical traveltime difference gathers}",
	journal = {Geophysics},
	volume = {84},
	number = {6},
	issue=6,
	pages = {S555-S566},
	year = {2019},
}

@article{Dmitrii2019summation,
	author = {Merzlikin, Dmitrii and Fomel, Sergey and Sen, Mrinal K.},
	title = "{Least-squares path-summation diffraction imaging using sparsity constraints}",
	journal = {Geophysics},
	volume = {84},
	number = {3},
	pages = {S187-S200},
	year = {2019},
}

@article{Benjamin2019cohe,
	author = {Schwarz, Benjamin},
	title = "{Coherent wavefield subtraction for diffraction separation}",
	journal = {Geophysics},
	volume = {84},
	number = {3},
	issue=3,
	pages = {V157-V168},
	year = {2019},
}






%%%%%%%%%%%%%%%%%%%%%%%%%%%%%%%%%%%%%%%%%%%%%%%%%%%%%%%%%%%%%%%%%%%%%%%%%%%%%%%%%%%%%%%
@article{Sava2005wave,
	author = {Sava, Paul C. and Biondi, Biondo and Etgen, John},
	title = "{Wave-equation migration velocity analysis by focusing diffractions and reflections}",
	journal = {Geophysics},
	volume = {70},
	number = {3},
	issue=3,
	pages = {U19-U27},
	year = {2005},
}

@article{Moser2008depth,
	author = {Moser, T.J. and Howard, C.B.},
	title = {Diffraction imaging in depth},
	journal = {Geophysical Prospecting},
	volume = {56},
	number = {5},
	pages = {627-641},
	year = {2008}
}

@article{Silvestrov2016post,
	author = {Silvestrov, Ilya and Baina, Reda and Landa, Evgeny},
	title = {Poststack diffraction imaging using reverse-time migration},
	journal = {Geophysical Prospecting},
	volume = {64},
	number = {1},
	pages = {129-142},
	year = {2016}
}

@article{Dafni2017rtm,
	author = {Dafni, Raanan and Symes, William W.},
	title = {Diffraction imaging by prestack reverse-time migration in the dip-angle domain},
	journal = {Geophysical Prospecting},
	volume = {65},
	number = {S1},
	pages = {295-316},
	year = {2017}
}

@article{Hemin2019gpr,
	author = {Yuan, Hemin and Montazeri, Mahboubeh and Looms, Majken C. and Nielsen, Lars},
	title = "{Diffraction imaging of ground-penetrating radar data}",
	journal = {Geophysics},
	volume = {84},
	number = {3},
	issue=3,
	pages = {H1-H12},
	year = {2019},
}

@article{Klokov2012dip,
	author = {Klokov, Alexander and Fomel, Sergey},
	title = "{Separation and imaging of seismic diffractions using migrated dip-angle gathers}",
	journal = {Geophysics},
	volume = {77},
	number = {6},
	pages = {S131-S143},
	year = {2012},
}


@article{Zhang2014opening,
	author = {Zhang, Jianfeng and Zhang, Jiangjie},
	title = "{Diffraction imaging using shot and opening-angle gathers: A prestack time migration approach}",
	journal = {Geophysics},
	volume = {79},
	number = {2},
	issue=2,
	pages = {S23-S33},
	year = {2014},
}

@article{Liu2016wave,
	author = {Liu, Lu and Vincent, Etienne and Ji, Xu and Qin, Fuhao and Luo, Yi},
	title = "{Imaging diffractors using wave-equation migration}",
	journal = {Geophysics},
	volume = {81},
	number = {6},
	issue=6,
	pages = {S459-S468},
	year = {2016},
}

@article{Dongliang2019wave,
	author = {Zhang, Dongliang and Fei, Tong W. and Tsingas, Constantine and Luo, Yi},
	title = "{Efficient wave-equation-based diffraction imaging}",
	journal = {Geophysics},
	volume = {84},
	number = {5},
	issue=5,
	pages = {S389-S399},
	year = {2019},
}


%%%%%%%%%%%%%%%%%%%%%%%%%%%%%%%%%%%%%%%%%%%%%%%%%%%%%%%%%%%%%%%%%%%%%%%%%%%%%%
@article{Figueiredo2013knn,
	author = {de Figueiredo, J. J. S. and Oliveira, F. and Esmi, E. and Freitas, L. and Schleicher, J. and Novais, A. and Sussner, P. and Green, S.},
	title = {Automatic detection and imaging of diffraction points using pattern recognition},
	journal = {Geophysical Prospecting},
	volume = {61},
	number = {s1},
	pages = {368-379},
	year = {2013}
}

@article{Tschannen2020dp,
	author = {Tschannen, Valentin and Ettrich, Norman and Delescluse, Matthias and Keuper, Janis},
	title = {Detection of point scatterers using diffraction imaging and deep learning},
	journal = {Geophysical Prospecting},
	volume = {68},
	number = {3},
	pages = {830-844},
	year = {2020}
}

@article{Protasov2019spectral,
	author = {Protasov, M.I. and Gadylshin, K.G. and Tcheverda, V.A. and Pravduhin, A.P.},
	title = {3{D} diffraction imaging of fault and fracture zones via image spectral decomposition of partial images},
	journal = {Geophysical Prospecting},
	volume = {67},
	number = {5},
	pages = {1256-1270},
	year = {2019}
}

@Article{weilin2016dmssa,
  author={Weilin Huang and Runqiu Wang and  Yangkang Chen and Huijian Li and Shuwei Gan},
  title = {Damped Multichannel Singular Spectrum Analysis for 3{D} Random Noise Attenuation },
  journal={Geophysics},
  year=2016,
  volume=81,
  issue=4,
  number=4,
  pages={V261-V270},
}

@article{Li2020phase,
	author = {Li, Chuangjian and Peng, Suping and Zhao, Jingtao and Cui, Xiaoqin},
	title = {Diffraction imaging using an adaptive phase filter},
	journal = {Geophysical Prospecting},
	volume = {68},
	number = {1},
	pages = {164-177},
	year = {2020}
}











@article{Vicente2011Simultaneous,
  title={Simultaneous seismic data denoising and reconstruction via multichannel singular spectrum analysis},
  author={Oropeza1 Vicente and Sacchi1 Mauricio},
  journal={Geophysics},
  volume={76},
  number={3},
  issue={3},
  pages={V25-V32},
  year={2011},
  doi={10.1190/1.3552706},
}

@article{merzlikin2019least,
  title={Least-squares path-summation diffraction imaging using sparsity constraints},
  author={Merzlikin, Dmitrii and Fomel, Sergey and Sen, Mrinal K},
  journal={Geophysics},
  volume={84},
  number={3},
  issue=3,
  pages={S187--S200},
  year={2019},
  publisher={Society of Exploration Geophysicists}
}


@article{fomel2007,
  title={Post-stack velocity analysis by separation and imaging of seismic diffractions},
  author =	 {S[] Fomel and E[] Landa and M[] T[] Taner},
  journal={Geophysics},
  volume={72},
  number={6},
  issue=6,
  pages={U89-U94},
  year={2007},
  publisher={Society of Exploration Geophysicists}
}

@Article{yangkang2019nc,
  author={Yangkang Chen and Min Bai and Yunfeng Chen},
  title = {Obtaining free {USA}rray data by multi-dimensional seismic reconstruction},
  journal={Nature Communications},
  year=2019,
  volume=10,
  number=1,
  issue=1,
  pages={4434},
  doi={10.1038/s41467-019-12405-0},
}
@Article{yangkang2017lsrtm,
  author={Yangkang Chen and Hanming Chen and Kui Xiang and Xiaohong Chen},
  title = {Preserving the discontinuities in least-squares reverse time migration of simultaneous-source data},
  journal={Geophysics},
  year=2017,
  volume=82,
  issue=3,
  number=3,
  pages={S185-S196},
}


@article{fomel20037,
  author =	 {S[] Fomel},
  title =	 {Velocity continuation and the anatomy of residual prestack time migration},
  publisher =	 {SEG},
  year =	 2003,
  journal =	 {Geophysics},
  volume =	 68,
  number =	 1,
  issue=1,
  pages =	 {1650-1661},
}

@article{jain1974filter,
  title={Filter analysis by use of pencil of functions: Part I},
  author={Jain, V},
  journal={IEEE Transactions on Circuits and Systems},
  volume={21},
  number={5},
  pages={574--579},
  year={1974},
  publisher={IEEE}
}
@inproceedings{hua1991svd,
  title={On SVD for estimating generalized eigenvalues of singular matrix pencil in noise},
  author={Hua, Yingbo and Sarkar, Tapan K},
  booktitle={1991., IEEE International Sympoisum on Circuits and Systems},
  pages={2780--2783},
  year={1991},
  organization={IEEE}
}




@article{lang1987estimating,
  title={Estimating slowness dispersion from arrays of sonic logging waveforms},
  author={Lang, SW and Kurkjian, AL and McClellan, JH and Morris, CF and Parks, TW},
  journal={Geophysics},
  volume={52},
  number={4},
  issue=4,
  pages={530--544},
  year={1987},
  publisher={Society of Exploration Geophysicists}
}

@article{sarkar1995using,
  title={Using the matrix pencil method to estimate the parameters of a sum of complex exponentials},
  author={Sarkar, Tapan K and Pereira, Odilon},
  journal={IEEE Antennas and Propagation Magazine},
  volume={37},
  number={1},
  pages={48--55},
  year={1995},
  publisher={IEEE}
}

@inproceedings{ekstrom1996dispersion,
  title={Dispersion estimation from borehole acoustic arrays using a modified matrix pencil algorithm},
  author={Ekstrom, Michael P},
  booktitle={Conference Record of the Twenty-Ninth Asilomar Conference on Signals, Systems and Computers},
  volume={1},
  pages={449--453},
  year={1996},
  organization={IEEE}
}








@article{zhou2017enhancing,
  title={Enhancing the detection of small coal structures by seismic diffraction imaging},
  author={Zhou, B and Hatherly, P and Sun, W},
  journal={International Journal of Coal Geology},
  volume={178},
  pages={1--12},
  year={2017},
  publisher={Elsevier}
}

@article{zhou2018seismic,
  title={Seismic diffraction imaging for improved coal structure detection in complex geological environments},
  author={Zhou, Binzhong and Sun, Weijia},
  journal={ASEG Extended Abstracts},
  volume={2018},
  number={1},
  pages={1--5},
  year={2018},
  publisher={CSIRO}
}


@Article{shaohuan2017gji,
  author={S[] Zu and H[] Zhou and W[] Mao and D[] Zhang and C[] Li and X[] Pan and Y[] Chen},
  title = {Iterative deblending of simultaneous-source data using a coherency-pass shaping operator},
  journal={Geophysical Journal International},
  year=2017,
  volume=211,
  issue=1,
  number=1,
  pages={541-557},
}

@article{decker2017diffraction,
  title={Diffraction imaging and time-migration velocity analysis using oriented velocity continuation},
  author={Decker, Luke and Merzlikin, Dmitrii and Fomel, Sergey},
  journal={Geophysics},
  volume={82},
  number={2},
  issue=2,
  pages={U25--U35},
  year={2017},
  publisher={Society of Exploration Geophysicists}
}

@article{lin2020diffraction,
  title={Diffraction separation and imaging using multichannel singular-spectrum analysis},
  author={Lin, Peng and Peng, Suping and Zhao, Jingtao and Cui, Xiaoqin},
  journal={Geophysics},
  volume={85},
  number={1},
  issue=1,
  pages={V11--V24},
  year={2020},
  publisher={Society of Exploration Geophysicists}
}


@Article{mssa,
  author={Vicente Oropeza and Mauricio Sacchi},
  title={Simultaneous seismic data denoising and reconstruction via multichannel singular spectrum analysis},
  journal = 	 {Geophysics},
  year = 	 2011,
  volume =	 76,
    issue=3,
    number=3,
  pages =	 {V25-V32},
}







